3184 4967
1118 430 1201 480 m
1250 427 1605 480 mmmm
1655 431 1804 480 ms.
1849 430 1930 479 ιι.
2497 406 2626 476 101

425 573 765 660 Exaequat
790 575 1099 640 damnum
1124 575 1401 653 meritiS,
1432 582 1499 641 et
1524 579 1712 640 muta
1737 576 2020 640 ferarum

428 676 627 760 Cogit
652 678 875 743 vincla
900 677 1069 761 pati.
1154 676 1600 742 Tiuculentos
1631 679 1864 760 ingerit
1889 677 2100 756 ursis;

425 778 921 862 Praedonesque
947 780 1149 863 lupis,
1178 779 1448 844 fallaces
1478 780 1796 862 vulpibus
1825 779 2028 848 addit.

426 877 525 944 At
552 881 668 963 qui
696 881 960 945 desidia
988 901 1249 964 semper
1275 882 1561 965 vinoque
1589 889 1910 964 gravatus
2109 881 2114 886 ’
2198 937 2205 942 .
2479 876 2623 944 485

424 979 784 1064 Indulgens
814 983 1061 1048 Veneri
1086 982 1295 1048 voluit
1322 989 1700 1066 torpescere
1727 984 1922 1060 luxu,

424 1079 631 1148 Hune
660 1085 802 1149 suis
832 1086 1187 1148 immundae
1218 1087 1499 1168 pingues
1530 1085 1813 1151 detrudit
1841 1086 1910 1148 in
1939 1089 2146 1149 artuS.

430 1182 570 1262 Qui
588 1187 771 1270 justo
798 1187 950 1267 plus
978 1201 1127 1250 esse
1155 1186 1433 1270 loquax,
1462 1205 1840 1269 arcanaque
1869 1187 2088 1250 suevit

426 1286 741 1364 Prodere,
768 1289 1071 1370 piscosas
1096 1287 1301 1352 fertur
1325 1290 1640 1352 victurus-
1655 1288 1724 1350 in
1752 1288 1990 1364 undem,

428 1385 523 1450 Ut
546 1388 819 1450 nimiam
846 1393 1131 1470 pensent
1160 1395 1409 1452 aeterna
1438 1390 1703 1452 silentia
1731 1408 1993 1472 vocem.
2492 1385 2624 1452 490

429 1485 625 1565 Quos
654 1489 772 1582 ubi
800 1509 917 1574 per
942 1483 1185 1566 varias,
1212 1491 1411 1576 ‘annis
1442 1497 1541 1552 ter
1572 1489 1774 1568 mille,
1803 1489 2052 1572 figuras

424 1655 553 1716 cogit
590 1659 763 1703 sontes
798 1657 999 1704 tolerare
1033 1659 1222 1703 catenas
1257 1655 1527 1705 bestiarum.
1595 1655 1844 1704 Homines
1883 1656 2089 1704 crudeles
2121 1653 2348 1704 immittit
2380 1654 2433 1703 iu
2471 1669 2621 1716 ursos,

423 1733 703 1782 rapacesque
725 1719 775 1767 in
794 1720 922 1782 lupos
934 1735 951 1768 .·
983 1719 1247 1781 proditores
1264 1719 1422 1779 injicit
1444 1720 1497 1767 in
1511 1720 1685 1782 vulpes.
1751 1719 1845 1768 Sed
1861 1720 1941 1782 qui
1955 1733 2134 1781 semper
2147 1732 2398 1782 oppressus
2412 1719 2624 1781 pigritia

425 1788 473 1832 et
496 1785 602 1832 vino
626 1789 673 1832 et
694 1782 879 1844 impura
898 1783 1135 1846 voluptate
1156 1783 1302 1832 uoluit
1322 1799 1598 1833 marcescere
1630 1784 1683 1831 in
1705 1784 1915 1843 luxu-ria,
1945 1785 2215 1846 proecipilat
2238 1785 2363 1832 hunc
2382 1783 2434 1832 in
2455 1798 2620 1845 corpus

420 1848 555 1912 porci
575 1848 811 1896 lutulenti.
876 1848 973 1896 Ine
992 1847 1073 1910 qui
1103 1849 1267 1896 solitus
1287 1855 1357 1896 est
1378 1863 1475 1896 esse
1491 1849 1714 1908 garrulus
1743 1849 1850 1910 plus
1870 1863 2021 1910 aequo,
2057 1853 2103 1896 et
2135 1848 2386 1908 divulgare
2415 1853 2616 1908 secreto,

424 1913 614 1973 rapitur
630 1914 683 1960 in
702 1927 847 1974 aquas
860 1928 963 1960 cum
982 1911 1200 1975 piscibus,
1234 1917 1288 1960 ut
1305 1912 1496 1961 silentia
1514 1913 1799 1974 sempiterna
1816 1913 2018 1974 puniant
2052 1912 2246 1959 nimiam
2268 1912 2616 1974 loquacitatem.

430 1977 556 2032 Quos
576 1983 751 2025 sontes
782 1982 1029 2039 postquam
1063 1977 1480 2026 Rhadamanthus
1520 1977 1710 2040 impulit
1743 1991 1830 2038 per
1852 1975 2040 2035 formas
2061 1975 2273 2025 diversas
2297 1975 2615 2040 animalium,

1344 2105 1699 2124 OOOOOOOOOO

424 2181 603 2234 Ambr.
626 2191 680 2234 et
702 2185 890 2236 Petav.
913 2187 1041 2236 Exc.
1066 2187 1281 2237 Lucens.
1321 2189 1587 2235 sem—481
1623 2191 1840 2248 notosque
1860 2183 2071 2248 conjicit
2108 2181 2290 2232 Heius.
2327 2183 2620 2248 perspexerit

463 2250 629 2298 iun-imi
651 2251 818 2300 Codd.
856 2253 982 2300 ExC.
1024 2253 1155 2302 Laeti
1187 2260 1243 2301 et
1265 2253 1483 2300 Lucens.
1516 2266 1620 2300 sec.
1655 2253 1948 2314 prospexerit
1973 2251 2096 2299 Vat.
2136 2253 2258 2297 tert.
2297 2249 2453 2297 Fam.
2475 2249 2624 2298 Rott.

491 2319 786 2364 azan-482
828 2315 1063 2378 Eoeaequas
1085 2317 1195 2365 Pal.
1216 2318 1407 2366 Vallin.
1441 2317 1494 2364 in
1529 2313 1715 2364 Boeth.
1751 2331 1803 2378 p.
1822 2319 1904 2365 78.
1929 2315 2080 2362 multa
2100 2328 2196 2377 pro
2217 2317 2346 2362 muta
2366 2313 2489 2361 Vnt.
2515 2327 2622 2362 sec.

424 2377 540 2426 Pal.
566 2379 667 2428 duo
688 2379 833 2428 Med.
858 2381 987 2429 Exc.
1008 2380 1227 2442 Geyart.
1249 2382 1371 2428 Var.
1392 2380 1494 2428 LL.
1519 2379 1603 2426 ed.
1629 2377 1952 2430 Anum—484
1971 2378 2198 2437 fallentes
2219 2376 2364 2426 Med.
2389 2391 2465 2440 pr.
2488 2376 2620 2426 abdit

423 2441 477 2490 in
499 2443 735 2492 Gevartii
756 2443 948 2492 Codice
985 2459 1049 2492 ex
1086 2445 1387 2508 conjectura
1422 2443 1926 2492 emendatum.—485
1966 2444 2033 2490 Et
2057 2450 2162 2492 tres
2178 2443 2304 2490 Vat.
2331 2439 2479 2490 Med.
2517 2455 2622 2490 sec.

426 2507 619 2557 Macar.
643 2509 853 2556 Thulen.
877 2507 1061 2556 Petav.
1088 2524 1165 2571 pr.
1199 2510 1343 2557 item.
1368 2507 1559 2578 Mouet.
1583 2507 1730 2556 Leid.
1755 2507 1874 2556 duo.
1895 2522 2048 2556 somno
2073 2508 2195 2555 Put.
2219 2521 2376 2554 somno
2398 2505 2482 2554 vel
2505 2520 2621 2554 sem-

419 2585 507 2634 per
524 2573 645 2620 Vat.
670 2587 749 2634 pr.
770 2578 1002 2633 gravatur
1036 2574 1155 2622 Vat.
1192 2579 1246 2621 et
1285 2572 1429 2621 Med.
1472 2575 1808 2635 quart—486
1843 2573 2096 2631 Indulgens
2135 2571 2326 2630 Veneri,
2347 2573 2426 2629 ὅςσ.
2463 2569 2620 2618 Hunc

422 2649 628 2684 versum
668 2635 942 2684 delendum
982 2644 1133 2696 putat
1171 2637 1429 2685 Heinsius.
1466 2650 1748 2698 compescere
1793 2637 1919 2683 Exc.
1943 2636 2251 2682 ’θυεερ-487
2286 2633 2502 2682 inmundi
2539 2633 2623 2682 ed.

424 2699 585 2751 Gesn.
612 2698 794 2747 Heius.
820 2708 923 2748 vet.
947 2699 1074 2762 Gyr.
1095 2701 1217 2749 Vat.
1243 2701 1406 2749 Livin.
1444 2700 1573 2748 Exc.
1615 2699 1836 2747 Lucem.
1879 2713 1982 2747 sec.
2021 2698 2258 2746 inmundoe
2295 2697 2378 2745 vel
2410 2697 2624 2745 inmundi

423 2763 597 2816 Oxou.
619 2779 694 2824 pr.
720 2763 905 2812 Petav.
931 2779 1010 2826 pr.
1050 2765 1285 2813 inmunda·
1313 2763 1704 2828 quatuordecim
1745 2763 1852 2823 aiii,
1888 2776 1984 2810 nec
2021 2776 2121 2809 non
2145 2761 2274 2809 Exc.
2299 2762 2514 2808 Lucens.
2541 2773 2619 2824 pr.

427 2828 549 2876 Ald.
573 2829 653 2875 ed.
680 2829 851 2876 Parni.
873 2829 1043 2877 Vicet.
1070 2836 1125 2877 et
1145 2829 1268 2877 Var-
1293 2825 1397 2878 LL.
1429 2828 1509 2876 ed.
1550 2827 1707 2876 Antv.
1743 2827 1946 2876 detrusit
1967 2826 2083 2874 Pat.
2123 2825 2314 2874 Moret.
2341 2839 2442 2873 sec.
2461 2824 2628 2886 pigros

424 2897 558 2940 artus
579 2893 721 2941 Med.
744 2899 911 2956 quart.
946 2907 1081 2940 arcus
1101 2893 1472 2952 Tholas-:2488
1504 2893 1622 2940 sevit
1662 2907 1754 2952 pro
1776 2891 1928 2940 suevit
1951 2889 2094 2939 Med.
2120 2893 2386 2938 sem—489
2419 2894 2624 2937 motitrus

424 2955 569 3005 Med.
589 2968 694 3005 sec.
716 2958 925 3005 victu-rus
941 2959 1022 3004 vel
1038 2963 1251 3006 moturus
1272 2959 1389 3006 Vat.
1414 2963 1539 3004 tert.
1556 2959 1620 3004 ad
1633 2959 1782 3004 undas
1801 2957 1998 3004 Bonon.
2019 2954 2191 3004 Oxou.
2211 2967 2315 3002 sec.
2338 2952 2480 3002 Med.
2502 2958 2624 3002 tert.

425 3021 552 3068 Vas.
578 3021 679 3069 L-L.
705 3022 784 3070 ed.
806 3021 962 3069 Antv.
995 3027 1204 3070 mutuam
1228 3037 1321 3083 pro
1344 3021 1543 3069 nimiam
1566 3021 1720 3069 Fan-n.
1747 3023 1938 3082 pulsent
1962 3019 2099 3068 Prie.
2119 3023 2318 3067 mentem
2341 3017 2454 3066 Pal.
2477 3017 2622 3066 Med.

427 3098 505 3147 pr.
532 3099 623 3146 pro
646 3088 976 3135 vocem—491
1006 3085 1109 3134 Hos
1132 3093 1235 3134 vet.
1259 3085 1391 3149 Gyr.
1415 3087 1541 3133 Exc.
1566 3085 1788 3134 Lucens.
1812 3099 1917 3133 sec.
1941 3084 2101 3132 varias
2124 3083 2248 3132 Put.
2274 3081 2410 3143 Reg.
2431 3083 2627 3132 Thuan.

426 3163 585 3197 amnes
608 3149 690 3198 ed.
713 3147 883 3198 Vicet'.
904 3165 992 3212 per
1012 3151 1169 3198 varios
1187 3165 1343 3198 amnes
1358 3165 1444 3214 per
1463 3149 1618 3200 Farn.
1642 3149 1796 3198 varios
1815 3164 1958 3198 annos
1975 3164 2062 3212 per
2083 3147 2211 3196 mille
2233 3153 2336 3196 tres
2359 3147 2484 3198 vat.
2505 3145 2622 3196 Pal.

426 3211 569 3263 Prie.
594 3213 741 3262 Rott.
763 3214 928 3263 oisel.
951 3215 1107 3264 varias
1143 3214 1281 3262 annis
1312 3229 1401 3276 per
1422 3213 1548 3262 Vat.
1573 3228 1655 3277 pr.
1695 3229 1760 3262 m.
1802 3228 1880 3277 pr.
1917 3213 2074 3262 varios
2106 3211 2285 3260 animos
2322 3218 2378 3260 et
2420 3209 2622 3261 emend.

1412 3323 1632 3378 NOTAE

424 3431 592 3496 sevis,
615 3438 674 3480 ut
695 3432 946 3482 diximus:
984 3433 1099 3482 Rex
1120 3431 1313 3496 Lyeiae,
1353 3430 1483 3495 pari·
1570 3429 1735 3480 Vincla
1752 3430 1858 3493 pati
1875 3429 2072 3492 itaque,
2103 3427 2156 3476 id
2179 3432 2280 3488 est,
2304 3425 2625 3476 Rhadaman·

424 3515 507 3558 ter
526 3523 756 3571 severus,
782 3510 1083 3579 pariterque
1094 3509 1261 3573 judex
1284 3507 1483 3558 Infero·
1562 3508 1681 3556 thus
1715 3506 1856 3569 cogit
1888 3511 2164 3556 nocentum
2203 3501 2396 3551 animas
2427 3501 2626 3564 alligari

422 3598 537 3633 rum
558 3583 805 3633 creditus.
1560 3599 1678 3633 eum
1701 3584 1899 3646 bestiis,
1934 3597 2030 3646 pro
2053 3581 2254 3630 ratione
2281 3579 2400 3627 vitae
2436 3585 2625 3640 praete-

489 3659 695 3722 Superni
737 3659 981 3724 curriculi]
1057 3659 1316 3712 Curriculi
1360 3659 1479 3708 vitae
1561 3659 1694 3721 ritae,
1733 3659 1806 3706 ita
1830 3665 1888 3726 ut
1925 3657 2164 3706 crudeles
2193 3655 2481 3719 jungantur
2505 3667 2624 3704 cum

400 3742 559 3804 ‚uctae
580 3737 719 3787 inter
739 3737 982 3799 homines,
1005 3739 1093 3802 qui
1112 3738 1286 3801 superi
1308 3737 1483 3786 dicun·
1562 3735 1712 3796 ursis,
1732 3733 1940 3784 fallaces
1957 3747 2071 3782 eum
2095 3731 2354 3794 vulpibus,
2368 3730 2624 3780 immundi

426 3817 531 3875 tur,
550 3812 727 3862 habita
748 3813 947 3863 ratione
976 3813 1284 3864 Inferorum.
1353 3813 1481 3870 Cur·
1559 3826 1675 3860 cum
1702 3811 1890 3874 porcis,
1909 3814 2008 3860 dcc.

425 3889 646 3942 ticulum
671 3905 826 3953 porro
848 3891 971 3939 vitae
996 3891 1207 3949 dicitur,
1236 3889 1357 3953 quia
1377 3889 1483 3936 vita
1626 3891 1722 3936 486
1768 3887 2026 3948 Indulgens
2072 3884 2266 3947 Veneri]
2320 3883 2490 3933 Foedae
2535 3897 2623 3933 vo·

416 3965 621 4028 optime
664 3974 993 4028 comparatur
1037 3980 1152 4013 cum
1196 3964 1385 4024 stadio,
1428 3961 1482 4012 ini
1560 3966 1768 4028 luptati.
1847 4021 1855 4030 ·

422 4055 523 4105 quo
544 4055 721 4090 omnes
744 4049 961 4090 currunt
981 4041 1044 4089 ad
1072 4049 1277 4088 metam.
1625 4046 1724 4090 488
1755 4040 1975 4103 Loquax]
1996 4041 2258 4102 Loquaces
2275 4035 2625 4086 detruduntur

486 4122 583 4168 483
626 4118 793 4167 Vincla
832 4121 959 4182 pati]
1019 4119 1365 4182 Pythagorica
1401 4136 1481 4178 με·
1559 4116 1615 4164 in
1637 4131 1812 4180 aquas»,
1850 4123 1909 4164 ut
1941 4129 2056 4166 cum
2091 4113 2314 4178 piscibus
2347 4112 2500 4162 silere
2521 4111 2624 4162 dis-

424 4191 741 4257 πμψόχωσις,
782 4210 874 4243 seu
908 4195 1267 4257 transmigratio
1302 4195 1481 4244 anima-
1562 4197 1704 4252 cant,
1739 4191 1821 4240 vel
1857 4195 1916 4240 ut
1953 4195 2324 4253 convertuntur
2359 4188 2412 4238 iu
2451 4189 2623 4254 pisces

424 4285 530 4320 rum
560 4271 615 4322 in
646 4271 746 4321 alia
782 4287 973 4334 corpora
1009 4271 1095 4322 hic
1132 4270 1479 4321 adumbratur.
1560 4275 1746 4321 mutos.
