3184 4967
1069 347 1152 396 ut
1201 347 1318 395 cn.
1365 345 1905 396 cmunuumae.
2492 331 2581 398 41

375 510 513 575 pue
533 489 609 553 in
631 487 922 553 meando
947 494 1016 552 et
1041 489 1295 572 quinto,
1339 491 1584 572 quibus
1612 490 1939 572 principia
1966 489 2339 570 obtigerunt
2364 487 2579 572 magis

377 594 466 656 ab
509 593 793 656 oratoris
847 609 1046 674 quam
1099 611 1139 654 a
1181 590 1404 673 poetae
1435 591 1763 654 facultate.
1778 590 2117 672 profecta3
2166 590 2285 652 sed
2332 591 2402 652 in
2450 590 2581 656 hoc

379 693 624 757 Martis
679 700 745 757 et
801 693 1110 769 VeneriS,
1175 711 1452 776 quorum
1496 691 1607 755 ille
1650 711 1739 754 ex
1794 691 1993 768 ferro,
2058 692 2206 754 haec
2252 711 2341 754 ex
2398 709 2581 774 mag·

375 802 532 860 nete
571 801 713 858 erat
751 793 952 872 facta,
998 795 1403 860 connubium
1451 795 1779 875 eleganter
1827 799 1929 857 est
1980 793 2409 876 descriptum,
2456 813 2579 858 nec

377 895 520 959 sine
573 897 942 980 voluptatis
996 915 1195 960 sensu
1256 897 1526 977 legetur.
1616 893 1945 972 Quartum
1996 913 2265 958 carmen
2320 895 2391 956 in
2447 893 2579 958 fine

379 1017 682 1061 mancum
711 1005 838 1074 est,
884 1017 1330 1081 pannumque,
1383 1000 1454 1060 ni
1505 996 1721 1074 fallor,
1770 997 1969 1060 stulte
2028 1001 2333 1061 assutum
2362 995 2583 1060 habet.

378 1098 552 1161 Pars
605 1099 859 1176 ultima,
911 1119 1064 1182 qum
1119 1099 1338 1182 periit,
1389 1099 1899 1182 descriptionem
1946 1098 2093 1162 Nili
2153 1097 2580 1175 exundantia,

375 1199 750 1282 faciemque
783 1201 1056 1284 AEgypti
1087 1199 1410 1265 inferioris
1439 1200 1512 1263 in
1533 1219 1739 1277 mare,
1780 1200 2015 1264 insulis
2044 1200 2405 1263 innumeris
2428 1215 2585 1262 con·-

377 1301 597 1375 sitam,
627 1304 916 1378 mutatae,
953 1302 1358 1366 continuisse
1397 1289 1679 1366 videtur.
1769 1301 1852 1364 In
1880 1301 2323 1382 descriptione
2352 1299 2582 1384 Aponi

375 1401 596 1478 fontis,
625 1401 805 1483 quod
835 1407 1284 1485 argumentum
1329 1410 1434 1466 est
1455 1403 1631 1467 sexti
1658 1403 1996 1480 carminiS‚
2028 1403 2283 1485 passim
2306 1403 2577 1466 virtutes

373 1508 444 1582 et
463 1504 632 1567 vitia
659 1503 890 1568 ovidii
923 1512 1409 1586 agnoscuntur:
1461 1512 1570 1568 est
1603 1509 1820 1568 tamen
1850 1523 1937 1567 ex
1966 1503 2273 1569 omnibus
2304 1502 2585 1566 therma·-

377 1623 522 1667 rum
549 1604 1132 1688 descriptionibus,
1179 1623 1621 1691 quaecumque
1650 1605 1833 1690 apud
1856 1611 2113 1670 veteres
2152 1604 2475 1685 leguntur,
2518 1607 2587 1666 et

378 1707 606 1770 multae
635 1707 722 1770 ad
753 1723 884 1770 nos
909 1727 1290 1790 pervenere,
1314 1709 1508 1791 longe
1534 1711 1816 1792 optima.
1904 1708 1984 1772 In
2014 1707 2265 1782 ultimo,
2285 1705 2466 1791 quod
2494 1721 2585 1769 ex

377 1807 642 1890 piorum
685 1809 981 1887 fratrum,
1029 1827 1308 1894 quorum
1359 1818 1605 1876 statuae
1654 1811 1833 1894 apud
1876 1810 2185 1874 Catinam
2234 1808 2445 1872 fuisse
2486 1806 2591 1870 di·-

380 1905 642 1988 cuntur,
663 1912 1216 1994 contemplatione
1243 1919 1468 1976 natum
1497 1919 1624 1989 est,
1657 1911 2073 1977 Claudianus
2096 1907 2321 1992 poetis
2354 1925 2587 1972 receu-

377 2011 657 2074 tioribus
684 2014 1060 2096 exemplum
1089 2015 1474 2096 proposuit,
1519 2013 1855 2096 quomodo
1884 2011 2230 2096 pulchrum
2260 2009 2419 2074 artis
2446 2015 2582 2074 sta·

379 2111 616 2175 tuariae
639 2132 812 2195 opus
841 2113 1112 2196 pulchre
1141 2117 1358 2198 possit
1386 2115 1696 2180 describi.
1788 2115 1921 2179 Sed
1952 2113 2035 2178 de
2060 2113 2193 2176 boc
2222 2111 2585 2176 carminum

379 2229 618 2293 genere
645 2215 996 2279 hactenus:
1041 2235 1469 2300 properemus
1499 2217 1584 2280 ad
1612 2219 1892 2300 reliqua.
1938 2245 1953 2256 ·

467 2311 780 2378 Carmina
803 2317 1062 2380 minora
1081 2319 1252 2382 varii
1281 2321 1644 2401 argumenti
1674 2320 2013 2400 variaeque
2034 2315 2396 2398 dignitatis,
2430 2327 2583 2396 quae

380 2419 710 2479 communi
759 2418 1299 2500 epigrammatum
1337 2421 1598 2484 nomine
1649 2419 1847 2502 vulgo
1876 2417 2423 2500 complectuntur,
2468 2413 2587 2478 ad·-

377 2514 510 2580 huc
539 2524 811 2583 restant.
900 2519 1010 2583 Ex
1037 2519 1146 2583 his
1189 2521 1400 2584 salem
1427 2522 1671 2585 habent
1696 2526 1763 2583 et
1790 2520 2225 2583 urbanitatem
2258 2531 2482 2578 xxiv,
2512 2515 2583 2577 in

380 2615 717 2682 Alethium
731 2626 1153 2702 quaestorem,
1173 2628 1242 2684 et
1261 2637 1489 2684 xxvn
1502 2669 1519 2685 .
1543 2623 1615 2684 in
1632 2621 1677 2684 J
1682 2619 1967 2684 acobum
1984 2617 2381 2697 Magistrum
2398 2613 2593 2696 equi·-

377 2723 544 2782 tnm.
632 2719 825 2786 Illius
853 2737 1086 2784 versus
1117 2720 1530 2785 Claudianus
1555 2723 1838 2797 sisci-at,
1894 2719 2285 2800 rationeque
2326 2716 2585 2780 irmica

379 2819 548 2882 iram
577 2821 730 2904 ejus
760 2821 1148 2905 deprecatur
1171 2843 1188 2901 3
1233 2819 1410 2888 hunc
1434 2843 1553 2906 per
1579 2841 1809 2886 omnes
1838 2826 2134 2896 sanctos„
2167 2817 2589 2901 superstitio·

380 2933 530 2984 nem
557 2923 786 2986 forsan
830 2923 1344 2988 Christianorum
1385 2925 1629 3002 ridens,
1682 2929 1892 3005 rogat,
1937 2941 2019 2984 ne
2063 2919 2367 2984 criticum
2392 2935 2583 3000 agere

376 3022 540 3086 velit
568 3043 878 3088 versuum
925 3043 1220 3088 suorum.
1310 3025 1476 3088 Item
1523 3041 1578 3088 x
1593 3041 1635 3088 x
1648 3042 1669 3087 ι
1682 3041 1761 3088 x.
1786 3025 1949 3088 satis
1978 3020 2269 3104 lepidum
2322 3023 2446 3096 est,
2494 3037 2583 3082 ex

382 3125 822 3208 ambiguitate
866 3129 1060 3192 vocis
1100 3125 1276 3209 pedis
1323 3128 1393 3190 in
1421 3128 1851 3211 podagricum
1888 3125 1975 3189 de
2006 3124 2307 3188 versibus
2336 3121 2586 3186 claudi·

383 3227 696 3291 cantibus
716 3228 1146 3312 judicantem.
1170 3228 1502 3294 Aculeum
1526 3247 1793 3313 qnoque
1820 3227 2021 3291 habet
2050 3241 2251 3288 xxx,
2274 3225 2349 3287 in
2366 3222 2588 3286 Theo·

384 3325 618 3391 dorum
647 3335 714 3392 et
741 3329 1185 3395 Hadrianum.
1279 3329 1633 3394 Mordacia
1658 3335 1835 3407 sunt,
1867 3327 1987 3391 sed
2026 3327 2283 3390 lasciva
2310 3325 2581 3388 obscoe-

382 3428 607 3506 nitate,
643 3446 834 3494 xxv,
865 3437 934 3496 et
985 3449 1207 3496 xxvi.
1247 3434 1319 3496 in
1367 3431 1735 3496 Curetium.
1843 3430 1953 3495 Ex
1998 3430 2105 3494 his
2158 3427 2467 3492 omnibus
2518 3427 2592 3488 et

383 3527 916 3596 Alexandrinum
936 3534 1258 3598 Nostrum
1288 3535 1496 3598 fuisse
1517 3541 1585 3599 et
1612 3535 1917 3598 dicacem
1946 3537 2093 3596 tuto
2114 3529 2413 3608 colligam
2432 3541 2592 3607 qum

386 3649 550 3694 sane
578 3631 914 3696 Martialis
944 3635 1350 3699 carminibus
1377 3654 1512 3698 non
1533 3640 1688 3696 sunt
1710 3634 2039 3697 inferiora.
2126 3629 2285 3692 Huc
2305 3625 2595 3710 pertinet.

386 3751 658 3816 qnoque
700 3749 894 3800 xmi.
937 3736 1138 3800 nimis
1159 3738 1531 3800 obscurum.
1621 3735 1905 3798 Brevem
1946 3728 2341 3796 sententiam
2382 3726 2593 3792 conti·

386 3840 546 3899 nent
571 3841 640 3898 et
667 3841 936 3900 acutam
965 3853 1262 3904 xxxix.
1309 3855 1438 3904 112.
1483 3843 1554 3902 et
1597 3853 1761 3900 xm.
2278 3855 2287 3866 .

477 3935 588 3999 Ex
612 3937 731 4001 illo
761 3957 1016 4018 genere,
1037 3939 1216 4022 quod
1243 3941 1338 4004 rei
1365 3944 1668 4004 naturam
1696 3936 1921 4020 lepide
1948 3934 2287 4020 exprimit,
2306 3881 2459 3998 sunt
2490 3949 2599 3998 vl.»

392 4041 1795 4118 v11.v111.1x.x.11.xn.11atina,et
1827 4035 2475 4102 X111.11V.Groeca
2502 4037 2589 4100 de

391 4139 734 4226 Crystallo
769 4143 1124 4230 inscripta,
1173 4164 1218 4208 a
1243 4144 1534 4211 diversis
1573 4145 1798 4209 forsan
1842 4140 2229 4206 auctoribus
2270 4137 2591 4224 mercatus
