3184 4967
529 407 578 476 8
1341 421 1911 475 emmunim
2040 436 2051 453 ·

515 565 828 636 trib-m·
881 569 1058 649 Quae
1103 568 1372 653 quidem
1417 589 1550 636 non
1598 571 1665 634 in
1710 589 1862 636 eam
1908 571 2308 636 sententiam
2358 565 2711 656 disputata

523 674 852 756 κοίμα,
893 676 1094 757 quasi
1138 674 1390 752 ema,
1430 691 1590 757 qum
1637 674 1960 738 laudibus
2013 673 2222 751 effert,
2266 675 2533 758 ingenio
2572 678 2719 760 ejus

519 773 912 851 dabuntur,
953 793 1172 858 neque
1225 777 1582 860 quicquam
1630 777 1698 838 in
1756 775 1901 859 ejus
1946 776 2347 840 carminibus
2400 779 2722 856 invenias,

523 896 658 958 quo
685 879 788 941 uti
834 878 1065 960 possis
1112 878 1200 942 ad
1246 878 1593 942 historiam
1638 878 1907 942 illorum
1936 885 2313 960 temporum
2340 879 2724 942 accuratius

523 978 1022 1061 expoliendum.
1111 979 1399 1044 Etiamsi
1427 980 1605 1042 enim
1632 975 1703 1042 in
1733 979 2021 1043 Honorii
2051 986 2117 1043 et
2155 979 2547 1043 Stilichonis
2574 994 2723 1061 gra-

521 1081 686 1144 tiam
709 1081 934 1144 omnia
957 1086 1144 1145 erant
1165 1079 1646 1164 componenda,
1679 1097 1831 1164 quae
1862 1082 1935 1144 in
1960 1081 2385 1164 panegyricis
2412 1080 2732 1162 protulit}

521 1187 768 1259 men,
818 1181 1143 1267 siquidem
1195 1183 1627 1266 impudentiae
1675 1189 1745 1248 et
1784 1201 2062 1248 summae
2108 1183 2439 1247 vanitatis·
2478 1184 2731 1246 crimen:

522 1283 728 1348 veiin
756 1285 1092 1350 laudando
1119 1283 1556 1368 effugiendum
1585 1293 1714 1363 est,
1758 1305 1839 1350 ne
1866 1287 1948 1363 is,
1996 1303 2195 1368 quem
2225 1285 2533 1363 extollas,
2561 1284 2733 1350 risui·

521 1385 932 1467 propinetur,
969 1385 1182 1451 fundo
1234 1388 1462 1470 aliquo
1511 1387 1845 1472 probabili
1896 1387 2214 1452 destituta
2258 1405 2413 1451 esse
2456 1388 2735 1450 omnino·

519 1505 652 1550 non
699 1493 1032 1571 poterant,
1078 1507 1230 1572 quae
1285 1490 1721 1572 praedicanda
1762 1491 2083 1574 suscepit.
2173 1487 2561 1573 Atque-hoc
2589 1493 2735 1554 non

521 1593 660 1653 tam
685 1591 866 1656 valet
890 1593 961 1655 in
988 1593 1344 1657 virtutibus
1375 1594 1813 1672 celebrandis,
1856 1593 1927 1656 in
1958 1592 2261 1675 corporis
2284 1591 2725 1676 pulchritudi-

519 1707 604 1752 ne
634 1696 703 1756 et
727 1691 963 1774 specie
993 1693 1349 1777 laudanda,
1395 1713 1778 1778 quanquam
1807 1696 2009 1758 etiam
2038 1695 2110 1756 in
2135 1693 2267 1772 his,
2312 1712 2462 1778 qnae
2518 1693 2722 1758 fidem

523 1791 818 1875 aliquam
847 1793 1047 1858 dictis
1092 1795 1312 1861 facere
1341 1798 1629 1881 possint,
1670 1813 1805 1860 non
1855 1795 2123 1861 omnino
2168 1795 2416 1859 debent
2460 1795 2725 1860 deside·

519 1893 677 1971 rari,
718 1913 918 1977 quam
965 1897 1034 1960 in
1071 1899 1270 1962 rebus
1315 1901 1517 1980 gestis
1564 1897 2040 1982 praedicandis,
2086 1899 2155 1961 in
2185 1897 2430 1980 quibus
2464 1914 2730 1981 semper·

523 1991 782 2078 aliquid
829 1998 1117 2062 subesse
1157 1999 1380 2077 debet,
1425 1999 1607 2083 quod
1646 2019 1803 2064 vere
1832 2005 2084 2082 gestum
2112 2001 2278 2064 inter
2308 2015 2535 2063 omnes
2564 2019 2734 2064 con--

521 2099 672 2173 stet,
717 2095 988 2163 etiamsi
1016 2099 1089 2163 id
1113 2101 1369 2165 artibus
1405 2101 1754 2166 rhetoricis
1783 2105 2147 2185 ornatuque
2175 2101 2449 2184 poetico
2478 2101 2725 2166 faciem

520 2203 866 2264 externam
895 2201 985 2265 sit
1011 2209 1279 2267 nactum
1312 2223 1357 2266 a
1383 2203 1480 2268 rei
1509 2204 1783 2268 veritate
1813 2203 2291 2270 abhorrentem.
2364 2203 2507 2269 Res
2535 2207 2725 2288 ipsas

523 2299 942 2366 comminisci
965 2317 1052 2366 ne
1076 2303 1575 2388 abjectissimus
1605 2305 1869 2388 quidem
1898 2303 2208 2370 adulator
2228 2309 2467 2370 temere
2494 2305 2738 2388 addet?

399 2419 414 2428 ·
521 2402 686 2483 qnia
713 2405 824 2468 vei
863 2405 1088 2488 ipsius
1115 2423 1518 2492 magnopere
1570 2408 1863 2486 interest,
1910 2428 2065 2473 cum
2095 2409 2389 2473 maxime
2416 2409 2725 2474 blandia-

519 2507 646 2581 tur,
688 2505 780 2570 ab
803 2509 1186 2574 assentandi
1233 2512 1619 2594 suspicione
1656 2511 1939 2576 liberum
1966 2511 2197 2589 videri,
2240 2529 2324 2576 ne
2350 2512 2564 2576 oratio
2593 2511 2724 2575 iro-

517 2606 650 2670 niae
684 2609 978 2696 speciem
993 2609 1262 2692 induat3
1290 2613 1413 2676 sed
1443 2613 1513 2677 in
1540 2613 1629 2677 iis
1656 2611 2099 2696 explicandis,
2125 2611 2469 2696 augendis,
2499 2610 2723 2696 depri-

515 2708 798 2788 mendis,
829 2713 1257 2793 exornandis,
1289 2717 1356 2778 et
1379 2714 1868 2800 amplificandis
1896 2715 2173 2778 consilio
2192 2730 2319 2778 suo
2346 2733 2734 2778 accommo··

521 2808 681 2874 date
707 2813 956 2876 versari
993 2815 1188 2880 solet.
1283 2815 1524 2899 Neque
1547 2817 1617 2879 ei
1648 2816 1927 2892 idcirco,
1960 2833 2112 2878 carn
2142 2814 2307 2877 nihil
2335 2813 2471 2878 fere
2496 2815 2609 2893 sit,
2642 2814 2739 2880 de³

521 2931 661 2994 qno
711 2914 783 2976 in
831 2919 1174 3000 utramque
1220 2921 1474 3000 partem
1529 2915 1854 3000 disputari
1901 2921 2208 2998 nequeat,
2250 2916 2618 2999 praesertim·
2660 2917 2737 2981 si*

447 3027 462 3042 ·
517 3015 690 3100 ejus»,
748 3016 926 3100 qnod
970 3019 1084 3083 'vel
1128 3017 1537 3083 laudandum
1583 3017 1696 3084 vel
1741 3018 2256 3102 vituperandum
2316 3009 2722 3102 susceperiS,

319 3161 328 3170 -
387 3151 392 3156 ·
516 3117 695 3180 ratio
724 3118 1024 3200 pluribus
1055 3127 1366 3186 accurate
1391 3121 1667 3205 cognita
1692 3139 1825 3185 non
1854 3121 1968 3198 sit,
2010 3120 2439 3184 manifestum
2465 3121 2739 3186 vanitas

519 3216 610 3282 tis
637 3219 884 3286 crimen
912 3227 1137 3305 potest
1177 3222 1453 3288 intendi.
1525 3221 1992 3306 Quapropter,
2021 3223 2313 3287 camina
2347 3220 2741 3314 Claudiani,'

521 3337 908 3407 quanquam
957 3323 1048 3388 ad
1095 3323 1398 3390 historiae
1445 3323 1646 3388 fidem
1695 3343 1783 3388 ea
1832 3323 2183 3406 scripsisse
2232 3323 2739 3388 existimandus*

519 3441 651 3486 non
680 3431 802 3502 est,
835 3425 1374 3509 quandoquidem
1397 3446 1592 3491 nemo
1621 3443 1822 3490 sanus
1846 3427 1933 3504 ei,
1980 3425 2096 3507 qui
2124 3425 2231 3488 vel
2259 3424 2737 3509 praedicatoris·

519 3511 632 3588 vel
655 3526 1129 3609 vituperatoris
1155 3529 1340 3593 vices
1366 3526 1651 3593 tuendas
1682 3527 2074 3612 susceperit,
2103 3527 2445 3612 injungere
2474 3531 2721 3611 potest,

518 3630 596 3690 ut
627 3626 769 3690 sine
795 3628 1018 3692 studio
1065 3636 1134 3694 et
1182 3631 1284 3694 ira
1327 3647 1436 3696 res
1463 3636 1977 3695 commemoret:
2022 3637 2242 3692 tamen
2281 3630 2347 3690 in
2375 3630 2465 3690 iis
2492 3639 2739 3691 monn-⁴

519 3728 786 3807 menae,
815 3749 905 3794 ex
925 3730 1164 3812 quibus
1193 3738 1570 3813 temporum
1600 3732 1791 3807 ratio,
1815 3730 2034 3814 qualis
2063 3729 2189 3792 sub
2210 3727 2596 3792 Theodosio
2620 3725 2721 3792 M.

518 3829 796 3914 regiosque
821 3830 1002 3895 -filiis
1049 3831 1272 3909 fuerit,
1316 3832 1536 3916 possit
1573 3831 1922 3907 constitui,
1976 3832 2085 3895 vel
2126 3829 2521 3914 gravissima
2567 3837 2723 3896 sunt

521 3926 990 3998 existimanda.
1079 3933 1232 3998 Nec
1261 3953 1470 4018 parva
1497 3948 1661 3998 sane
1712 3937 1813 3996 est
1856 3933 2128 4010 utilitas,
2176 3953 2327 4016 quae
2372 3949 2463 3995 ex
2490 3951 2735 3998 eorum·

517 4032 805 4098 lectione
832 4033 920 4098 ad
963 4034 1307 4101 historiam
1337 4035 1517 4099 illius
1567 4034 1701 4099 aevi
1750 4033 2164 4100 condendam
2214 4034 2437 4118 possit
2478 4033 2735 4098 redun-'

521 4131 715 4214 ὁπως
758 4135 964 4200 modo
985 4137 1318 4221 intelligas
1365 4142 1669 4202 ornatum
1712 4134 2050 4219 poeticum
2080 4135 2423 4201 detrahere
2456 4134 2718 4198 fucum-

521 4236 650 4323 que
674 4240 1036 4307 oratorium
1063 4239 1458 4324 abstergere,
1489 4247 1580 4304 ut
1616 4238 1797 4304 nuda
1824 4239 2074 4304 veritas
2100 4238 2324 4325 possit
2368 4255 2713 4322 apparere·-
