3184 4967
1045 462 1051 466 „
1098 401 1185 453 m
1233 403 1346 454 cr..
1391 402 1932 459 cmunmnmr.
2514 389 2613 460 85

410 565 592 614 nunc
611 541 876 631 quidem
896 546 1180 630 primum
1209 548 1452 612 amoris
1471 565 1825 614 accessum
1842 545 2607 636 sentienS,lacrymisque

417 649 840 732 Proserpinae
869 655 1266 727 commotus,
1293 669 1441 714 eam
1472 651 1723 714 solatur
1752 656 1820 716 et
1848 650 2041 735 elysii
2067 652 2511 736 descriptione
2536 655 2609 720 et

411 769 546 836 spe
575 752 926 834 potestatis
953 751 1194 814 futurae
1225 749 1324 834 (v.
1352 752 1765 828 273-306.).
1811 751 2113 818 Tandem
2140 755 2395 838 nuptiae
2424 751 2609 837 apud

413 851 658 919 inferos
685 853 888 928 omni,
919 872 1052 936 qua
1081 871 1226 934 par
1234 857 1354 928 est,
1385 853 1623 920 laetitia
1676 861 1748 918 et
1795 855 2149 920 festivitate
2182 855 2607 920 celebrantur

410 950 511 1037 (v.
541 953 974 1031 307-366.;)
1020 973 1141 1016 nec
1166 955 1464 1035 pronuba
1497 953 1709 1034 deest,
1734 949 1927 1042 cujus
1956 941 2139 1022 vices
2164 957 2330 1022 Nox
2370 973 2603 1022 susce-

410 1057 536 1138 pit,
561 1075 686 1120 nec
715 1055 1232 1138 epithalamium.

497 1157 770 1222 Librum
828 1159 1096 1220 tertium
1157 1157 1454 1238 Deorum
1515 1157 1804 1222 concilio
1862 1101 2271 1228 Claudianus
2334 1161 2603 1241 orditur,

407 1259 596 1344 qued
638 1259 1012 1342 frequenter
1063 1261 1348 1324 occurrit
1393 1260 1575 1343 apud
1606 1257 1871 1342 poetas.
1958 1258 2225 1344 Jupiter
2270 1275 2609 1330 convoca·

409 1365 594 1427 verat
623 1361 838 1437 Deos,
868 1365 942 1424 ut
970 1381 1092 1426 eos
1120 1367 1368 1427 vetaret
1413 1363 1613 1426 minis
1642 1362 2061 1444 gravissimis
2107 1363 2417 1462 adjectis,
2446 1381 2605 1448 rap-

404 1468 620 1528 torem
625 1463 1072 1558 ¹Proserpinae
1104 1465 1295 1528 matri
1323 1462 1528 1534 filiam
1556 1463 1872 1546 quaerenti
1904 1461 2223 1540 indicare,
2252 1469 2328 1528 ut
2364 1470 2607 1530 coacta

406 1546 640 1630 omnes
697 1572 900 1630 terras
923 1572 1358 1648 peragraret,
1416 1565 1689 1650 votique
1747 1585 2029 1649 compos
2092 1565 2355 1632 tandem
2426 1566 2607 1632 facta

405 1667 796 1750 indicioque
820 1668 982 1731 laeta
1000 1667 1380 1732 hominibus
1405 1666 1625 1748 fruges
1654 1667 2041 1750 impertiret.
2072 1667 2165 1732 Se
2182 1686 2421 1750 nempe
2444 1667 2611 1750 olim

406 1788 684 1832 auream
703 1775 980 1832 aetatem
1011 1768 1390 1845 sustulisse,
1425 1786 1511 1832 ne
1567 1767 1863 1836 homines
1886 1769 2029 1834 otio
2055 1773 2124 1832 et
2156 1777 2417 1850 torpore
2444 1787 2605 1837 con-

403 1869 784 1946 ficerentur,
832 1871 1262 1952 corporisque
1307 1877 1379 1934 et
1417 1870 1618 1934 animi
1670 1869 1845 1934 vires
1892 1871 1959 1932 in
2000 1870 2382 1953 quaerendis
2440 1869 2603 1936 vitae

400 1970 917 2044 necessitatibus
973 1974 1454 2036 exercerentur.
1543 1969 1747 2036 Nunc
1799 1973 2022 2038 autem
2094 1974 2348 2037 naturae
2402 1971 2603 2038 aimae

399 2071 747 2156 precibuS,
777 2077 854 2134 ιιι
881 2071 1016 2134 sibi
1041 2071 1294 2148 liceret,
1327 2070 1611 2151 egestati
1640 2071 1945 2136 humanae
1976 2072 2227 2156 opibus
2258 2071 2399 2136 suis
2444 2073 2607 2138 sub·

406 2174 658 2252 venire,
686 2191 840 2236 sese
879 2172 1110 2236 cedere
1131 2171 1236 2257 (v.
1266 2173 1551 2252 1—65.).
1642 2171 2172 2238 comminatione
2207 2173 2408 2256 igitur
2438 2173 2605 2238 Plu-

403 2275 582 2338 tonis
593 2274 868 2358 Jupiter
883 2275 1144 2354 cogitur
1159 2293 1350 2338 suam
1366 2274 1584 2356 ipsius
1603 2271 1807 2338 filiam
1822 2273 2125 2356 prodere,
2134 2271 2439 2356 hancque
2464 2293 2605 2340 rem
2696 2274 2707 2282 “

398 2375 654 2440 malam
700 2376 770 2439 in
819 2376 1063 2438 bonam
1093 2377 1290 2446 vertit
1333 2374 1737 2452 hominibus,
1780 2373 2224 2458 Cereremque
2264 2375 2602 2444 erroribus

277 2555 286 2558 -
400 2477 680 2558 insuper
723 2475 986 2556 fatigat,
1034 2484 1112 2540 ut
1165 2476 1304 2540 illis
1353 2477 1590 2541 melius
1637 2477 1905 2542 tandem
1943 2477 2055 2542 sit.
2142 2476 2191 2542 J
2194 2497 2305 2540 am
2330 2495 2603 2560 quoque

395 2595 694 2660 quaeraS,
713 2597 1041 2659 quorsum
1070 2578 1332 2642 tandem
1363 2584 1470 2642 tot
1519 2579 1823 2659 tantique
1851 2597 2105 2640 errores
2121 2578 2153 2640 Τ
2245 2575 2489 2638 Nonne
2536 2582 2603 2641 et
2714 2624 2720 2632 .

395 2677 554 2752 sine
600 2677 729 2755 hie,
778 2679 1056 2762 praemio
1105 2677 1344 2761 judicii
1410 2677 1639 2740 statim
1686 2676 2063 2758 proposito,
2121 2675 2325 2742 Ceres
2383 2675 2603 2758 fruges

399 2786 592 2844 terrae
623 2778 780 2842 dare
803 2781 1112 2863 poterat?
1202 2779 1536 2861 Equidem
1563 2777 1810 2855 habeo,
1852 2778 2033 2860 quod
2062 2799 2153 2842 ex
2186 2779 2461 2860 antiqua
2489 2775 2605 2844 illa

394 2879 632 2944 fabula
678 2879 1160 2961 respondeam
1207 2880 1442 2944 vellem
1491 2887 1709 2942 tamen
1762 2899 1869 2942 me
1916 2900 1959 2944 a
2006 2879 2209 2962 poeta
2260 2880 2363 2942 vel
2397 2879 2599 2942 verbo

389 2999 548 3044 esse
576 2982 918 3046 monitum.
1004 2980 1181 3045 Sunt
1204 2987 1528 3064 praeterea
1555 2982 1767 3064 plura,
1792 2982 2031 3064 quibus
2062 2983 2305 3058 elucet,
2329 2979 2605 3062 poetam

394 3080 488 3145 de
535 3081 804 3146 consilii
829 3082 1090 3146 ratione
1133 3101 1265 3146 non
1303 3082 1502 3146 nimis
1545 3082 1757 3146 fuisse
1806 3083 2171 3159 solicitum,
2196 3089 2269 3146 et
2312 3080 2601 3164 ingenio,

393 3189 732 3268 quatenus
774 3181 846 3244 in
891 3184 1085 3246 rebus
1112 3181 1522 3246 inveniendis
1550 3201 1625 3246 se
1648 3188 1939 3260 exserat,
1970 3201 2253 3248 acumen
2274 3181 2601 3248 defuisse.

393 3283 676 3348 Interim
699 3283 904 3348 Ceres
925 3283 1188 3347 somnia
1207 3282 1388 3348 videt
1404 3282 1753 3364 complura
1765 3301 1856 3346 ex
1876 3281 2227 3368 ὅνειροπὸλων
2246 3281 2604 3364 disciplina

393 3383 592 3469 quasi
628 3386 942 3460 subnata,
985 3402 1274 3465 quorum
1309 3375 1448 3448 alia
1477 3383 1630 3448 aliis
1658 3383 1942 3448 clariora
1972 3389 2039 3448 et
2078 3375 2604 3466 significantiora

389 3489 600 3548 erant.
687 3482 997 3550 Ceterum
1035 3503 1276 3547 numen
1326 3483 1605 3568 aliquod
1652 3485 1993 3550 somnians
2022 3486 2109 3549 ab
2140 3485 2369 3568 aliquo
2395 3482 2599 3567 poeta

388 3583 606 3650 fuisse
647 3584 1016 3660 inductum,
1061 3604 1240 3658 nunc
1271 3583 1564 3666 quidem,
1596 3603 1753 3648 cum
1794 3583 1937 3660 hoc,
1962 3585 2213 3658 scribo,
2240 3583 2465 3668 legere
2489 3601 2597 3654 me

388 3703 531 3752 non
557 3683 853 3755 memini.
943 3683 1246 3760 Tandem
1275 3684 1490 3764 ipsius
1519 3680 1681 3745 filiae
1718 3683 1941 3762 imago
1970 3676 2273 3747 oboritur
2300 3679 2597 3761 cubanti,

387 3786 760 3870 matrisque
791 3787 1136 3864 incuriam,
1165 3804 1300 3848 non
1323 3783 1590 3866 quidem
1620 3783 1970 3859 immerito,
1996 3783 2119 3846 sed
2146 3784 2348 3868 paulo
2378 3792 2601 3852 tamen

389 3886 867 3964 vehementius,
883 3906 1086 3970 quam
1117 3877 1285 3950 filiae
1309 3905 1431 3968 par
1459 3893 1665 3962 esset,
1688 3886 2023 3960 incusans,
2050 3887 2267 3951 macie
2296 3886 2603 3950 confecta

389 3987 788 4076 catenisque
833 3992 1109 4052 onerata
1150 3989 1246 4063 (v-
1288 3983 1660 4068 cuj-110.)
1746 3985 2019 4064 Quibus
2064 3988 2258 4050 rebus
2308 3989 2601 4074 excitata

389 4086 632 4166 Ceres,
659 4093 754 4165 ut,
785 4086 1340 4171 quemadmodum
1387 4090 1542 4170 ipsa
1586 4087 1950 4170 profitetur,
1997 4089 2398 4154 securiorem
2432 4088 2597 4152 ffliae

386 4187 622 4254 locum
665 4190 1110 4274 prospiceret,
1175 4190 1396 4261 animo
1451 4189 1894 4258 calamitatem
1940 4188 2090 4274 jam
2132 4191 2595 4274 praesagimina
