<?xml version="1.0" encoding="UTF-8"?>
<!DOCTYPE html PUBLIC "-//W3C//DTD XHTML 1.0 Transitional//EN"
    "http://www.w3.org/TR/xhtml1/DTD/xhtml1-transitional.dtd">
<html xmlns="http://www.w3.org/1999/xhtml" xml:lang="en" lang="en">
 <head>
  <title>
</title>
<meta http-equiv="Content-Type" content="text/html;charset=utf-8" />
  <meta name='ocr-system' content='tesseract 3.04.00' />
  <meta name='ocr-capabilities' content='ocr_page ocr_carea ocr_par ocr_line ocrx_word'/>
</head>
<body>
  <div class='ocr_page' id='page_1' title='image "./operaomnia00claugoog_0088.png"; bbox 0 0 3184 4967; ppageno 0'>
   <div class='ocr_carea' id='block_1_1' title="bbox 600 384 691 448">
    <p class='ocr_par' dir='ltr' id='par_1_1' title="bbox 600 384 691 448">
     <span class='ocr_line' id='line_1_1' title="bbox 600 384 691 448; baseline -0.011 0"><span class='ocrx_word' id='word_1_1' title='bbox 600 384 691 448; x_wconf 76' lang='lat'><strong>⁸74</strong></span> 
     </span>
    </p>
   </div>
   <div class='ocr_carea' id='block_1_2' title="bbox 599 540 2380 719">
    <p class='ocr_par' dir='ltr' id='par_1_2' title="bbox 599 540 2380 719">
     <span class='ocr_line' id='line_1_2' title="bbox 599 540 2194 627; baseline -0.005 -17"><span class='ocrx_word' id='word_1_2' title='bbox 599 543 893 610; x_wconf 81' lang='lat' dir='ltr'><strong>Conscia</strong></span> <span class='ocrx_word' id='word_1_3' title='bbox 919 550 1019 609; x_wconf 86' lang='lat' dir='ltr'><strong>ter</strong></span> <span class='ocrx_word' id='word_1_4' title='bbox 1044 544 1263 609; x_wconf 76' lang='lat' dir='ltr'><strong>sonuit</strong></span> <span class='ocrx_word' id='word_1_5' title='bbox 1282 560 1508 627; x_wconf 85' lang='lat' dir='ltr'><strong>rupes,</strong></span> <span class='ocrx_word' id='word_1_6' title='bbox 1538 547 1608 605; x_wconf 88' lang='lat' dir='ltr'><strong>et</strong></span> <span class='ocrx_word' id='word_1_7' title='bbox 1632 540 1952 605; x_wconf 83' lang='lat' dir='ltr'>inhorruit</span> <span class='ocrx_word' id='word_1_8' title='bbox 1979 545 2194 621; x_wconf 81' lang='lat' dir='ltr'><strong>atrurn</strong></span> 
     </span>
     <span class='ocr_line' id='line_1_3' title="bbox 1332 643 2380 719; baseline -0.002 -12"><span class='ocrx_word' id='word_1_9' title='bbox 1332 644 1527 707; x_wconf 85' lang='lat' dir='ltr'><strong>Prior</strong></span> <span class='ocrx_word' id='word_1_10' title='bbox 1548 646 1678 719; x_wconf 84' lang='lat' dir='ltr'><strong>hic,</strong></span> <span class='ocrx_word' id='word_1_11' title='bbox 1725 643 1786 705; x_wconf 91' lang='grc' dir='ltr'><strong>Ο</strong></span> <span class='ocrx_word' id='word_1_12' title='bbox 1809 662 2048 705; x_wconf 78' lang='lat' dir='ltr'><strong>numen</strong></span> <span class='ocrx_word' id='word_1_13' title='bbox 2069 644 2380 719; x_wconf 75' lang='lat' dir='ltr'><strong>amicum,</strong></span> 
     </span>
    </p>
   </div>
   <div class='ocr_carea' id='block_1_3' title="bbox 598 645 1239 731">
    <p class='ocr_par' dir='ltr' id='par_1_3' title="bbox 598 645 1239 731">
     <span class='ocr_line' id='line_1_4' title="bbox 598 645 1239 731; baseline -0.002 -22"><span class='ocrx_word' id='word_1_14' title='bbox 598 645 956 731; x_wconf 84' lang='lat' dir='ltr'><strong>Majestate</strong></span> <span class='ocrx_word' id='word_1_15' title='bbox 986 664 1239 709; x_wconf 87' lang='lat' dir='ltr'><strong>nemus.</strong></span> 
     </span>
    </p>
   </div>
   <div class='ocr_carea' id='block_1_4' title="bbox 1342 396 2062 475">
    <p class='ocr_par' dir='ltr' id='par_1_4' title="bbox 1342 396 2062 475">
     <span class='ocr_line' id='line_1_5' title="bbox 1342 396 2062 475; baseline -0.001 -30"><span class='ocrx_word' id='word_1_16' title='bbox 1342 398 1479 475; x_wconf 25' lang='lat' dir='ltr'><strong>*GL-</strong></span> <span class='ocrx_word' id='word_1_17' title='bbox 1528 396 1962 447; x_wconf 52' lang='lat' dir='ltr'><strong>ohannins!</strong></span> <span class='ocrx_word' id='word_1_18' title='bbox 2015 397 2062 444; x_wconf 84' lang='grc' dir='ltr'><strong>Ι.</strong></span> 
     </span>
    </p>
   </div>
   <div class='ocr_carea' id='block_1_5' title="bbox 2681 540 2809 607">
    <p class='ocr_par' dir='ltr' id='par_1_5' title="bbox 2681 540 2809 607">
     <span class='ocr_line' id='line_1_6' title="bbox 2681 540 2809 607; baseline 0 0"><span class='ocrx_word' id='word_1_19' title='bbox 2681 540 2809 607; x_wconf 73' lang='lat'><strong>125</strong></span> 
     </span>
    </p>
   </div>
   <div class='ocr_carea' id='block_1_6' title="bbox 592 744 2374 1031">
    <p class='ocr_par' dir='ltr' id='par_1_6' title="bbox 592 744 2374 1031">
     <span class='ocr_line' id='line_1_7' title="bbox 602 744 2252 829; baseline -0.002 -18"><span class='ocrx_word' id='word_1_20' title='bbox 602 748 769 811; x_wconf 82' lang='lat' dir='ltr'><strong>Dux</strong></span> <span class='ocrx_word' id='word_1_21' title='bbox 793 750 912 824; x_wconf 89' lang='lat' dir='ltr'><strong>ait,</strong></span> <span class='ocrx_word' id='word_1_22' title='bbox 940 753 1004 810; x_wconf 87' lang='lat' dir='ltr'><strong>et</strong></span> <span class='ocrx_word' id='word_1_23' title='bbox 1029 749 1249 829; x_wconf 81' lang='lat' dir='ltr'><strong>legum</strong></span> <span class='ocrx_word' id='word_1_24' title='bbox 1276 747 1581 827; x_wconf 82' lang='lat' dir='ltr'><strong>genitrix,</strong></span> <span class='ocrx_word' id='word_1_25' title='bbox 1611 746 1936 826; x_wconf 78' lang='lat' dir='ltr'>longeque</span> <span class='ocrx_word' id='word_1_26' title='bbox 1966 744 2252 825; x_wconf 84' lang='lat' dir='ltr'><strong>regendo</strong></span> 
     </span>
     <span class='ocr_line' id='line_1_8' title="bbox 597 846 2208 931; baseline -0.002 -19"><span class='ocrx_word' id='word_1_27' title='bbox 597 847 1018 913; x_wconf 83' lang='lat' dir='ltr'><strong>Circumfusa</strong></span> <span class='ocrx_word' id='word_1_28' title='bbox 1040 849 1220 931; x_wconf 84' lang='lat' dir='ltr'><strong>pole,</strong></span> <span class='ocrx_word' id='word_1_29' title='bbox 1250 863 1525 911; x_wconf 73' lang='lat' dir='ltr'><strong>consors</strong></span> <span class='ocrx_word' id='word_1_30' title='bbox 1552 846 1876 927; x_wconf 81' lang='lat' dir='ltr'><strong>adjuncta</strong></span> <span class='ocrx_word' id='word_1_31' title='bbox 1896 846 2208 923; x_wconf 80' lang='lat' dir='ltr'><strong>Tonanti,</strong></span> 
     </span>
     <span class='ocr_line' id='line_1_9' title="bbox 592 946 2374 1031; baseline -0.002 -17"><span class='ocrx_word' id='word_1_32' title='bbox 592 946 735 1014; x_wconf 82' lang='lat' dir='ltr'><strong>Dic</strong></span> <span class='ocrx_word' id='word_1_33' title='bbox 769 951 1076 1031; x_wconf 84' lang='lat' dir='ltr'><strong>agedum,</strong></span> <span class='ocrx_word' id='word_1_34' title='bbox 1106 970 1259 1031; x_wconf 87' lang='lat' dir='ltr'><strong>quae</strong></span> <span class='ocrx_word' id='word_1_35' title='bbox 1292 967 1501 1012; x_wconf 86' lang='lat' dir='ltr'><strong>causa</strong></span> <span class='ocrx_word' id='word_1_36' title='bbox 1526 950 1660 1011; x_wconf 79' lang='lat' dir='ltr'><strong>viae</strong></span> <span class='ocrx_word' id='word_1_37' title='bbox 1679 950 1718 1012; x_wconf 73' lang='grc' dir='ltr'><strong>’ἰ</strong></span> <span class='ocrx_word' id='word_1_38' title='bbox 1759 969 1877 1011; x_wconf 92' lang='lat' dir='ltr'><strong>cur</strong></span> <span class='ocrx_word' id='word_1_39' title='bbox 1907 948 2157 1012; x_wconf 82' lang='lat' dir='ltr'><strong>deseris</strong></span> <span class='ocrx_word' id='word_1_40' title='bbox 2183 968 2374 1013; x_wconf 83' lang='lat' dir='ltr'><strong>arces</strong></span> 
     </span>
    </p>
   </div>
   <div class='ocr_carea' id='block_1_7' title="bbox 599 1049 2403 1235">
    <p class='ocr_par' dir='ltr' id='par_1_7' title="bbox 599 1049 2403 1235">
     <span class='ocr_line' id='line_1_10' title="bbox 599 1049 2403 1133; baseline -0.001 -19"><span class='ocrx_word' id='word_1_41' title='bbox 599 1049 961 1127; x_wconf 83' lang='lat' dir='ltr'><strong>AusoniaS,</strong></span> <span class='ocrx_word' id='word_1_42' title='bbox 996 1052 1371 1133; x_wconf 84' lang='lat' dir='ltr'><strong>coelumque</strong></span> <span class='ocrx_word' id='word_1_43' title='bbox 1401 1056 1587 1114; x_wconf 86' lang='lat' dir='ltr'><strong>tuum</strong></span> <span class='ocrx_word' id='word_1_44' title='bbox 1605 1052 1635 1113; x_wconf 72' lang='lat' dir='ltr'><strong>‘i</strong></span> <span class='ocrx_word' id='word_1_45' title='bbox 1681 1050 1815 1126; x_wconf 82' lang='lat' dir='ltr'><strong>dic,</strong></span> <span class='ocrx_word' id='word_1_46' title='bbox 1847 1051 2141 1113; x_wconf 84' lang='lat' dir='ltr'><strong>maxima</strong></span> <span class='ocrx_word' id='word_1_47' title='bbox 2168 1070 2403 1113; x_wconf 85' lang='lat' dir='ltr'><strong>rerum.</strong></span> 
     </span>
     <span class='ocr_line' id='line_1_11' title="bbox 599 1152 2296 1235; baseline 0 -20"><span class='ocrx_word' id='word_1_48' title='bbox 599 1152 756 1215; x_wconf 91' lang='lat' dir='ltr'><strong>Non</strong></span> <span class='ocrx_word' id='word_1_49' title='bbox 786 1171 907 1234; x_wconf 86' lang='lat' dir='ltr'><strong>ego</strong></span> <span class='ocrx_word' id='word_1_50' title='bbox 932 1152 1041 1215; x_wconf 79' lang='lat' dir='ltr'><strong>vel</strong></span> <span class='ocrx_word' id='word_1_51' title='bbox 1072 1152 1365 1235; x_wconf 81' lang='lat' dir='ltr'><strong>Libycos</strong></span> <span class='ocrx_word' id='word_1_52' title='bbox 1393 1170 1650 1215; x_wconf 82' lang='lat' dir='ltr'><strong>cessem</strong></span> <span class='ocrx_word' id='word_1_53' title='bbox 1673 1152 1952 1215; x_wconf 86' lang='lat' dir='ltr'><strong>tolerare</strong></span> <span class='ocrx_word' id='word_1_54' title='bbox 1981 1172 2296 1233; x_wconf 81' lang='lat' dir='ltr'><strong>vaporeS,</strong></span> 
     </span>
    </p>
   </div>
   <div class='ocr_carea' id='block_1_8' title="bbox 2683 1050 2812 1115">
    <p class='ocr_par' dir='ltr' id='par_1_8' title="bbox 2683 1050 2812 1115">
     <span class='ocr_line' id='line_1_12' title="bbox 2683 1050 2812 1115; baseline 0 0"><span class='ocrx_word' id='word_1_55' title='bbox 2683 1050 2812 1115; x_wconf 82' lang='lat'><strong>130</strong></span> 
     </span>
    </p>
   </div>
   <div class='ocr_carea' id='block_1_9' title="bbox 560 1252 2408 1540">
    <p class='ocr_par' dir='ltr' id='par_1_9' title="bbox 560 1252 2408 1540">
     <span class='ocr_line' id='line_1_13' title="bbox 596 1252 2210 1336; baseline -0.001 -19"><span class='ocrx_word' id='word_1_56' title='bbox 596 1252 1087 1319; x_wconf 84' lang='lat' dir='ltr'><strong>Sarmaticosve</strong></span> <span class='ocrx_word' id='word_1_57' title='bbox 1116 1256 1260 1336; x_wconf 82' lang='lat' dir='ltr'><strong>pati</strong></span> <span class='ocrx_word' id='word_1_58' title='bbox 1288 1253 1511 1317; x_wconf 80' lang='lat' dir='ltr'><strong>medio</strong></span> <span class='ocrx_word' id='word_1_59' title='bbox 1544 1255 1670 1316; x_wconf 85' lang='lat' dir='ltr'><strong>sub</strong></span> <span class='ocrx_word' id='word_1_60' title='bbox 1701 1254 1942 1335; x_wconf 83' lang='lat' dir='ltr'><strong>frigore</strong></span> <span class='ocrx_word' id='word_1_61' title='bbox 1973 1254 2210 1330; x_wconf 81' lang='lat' dir='ltr'><strong>CoroS,</strong></span> 
     </span>
     <span class='ocr_line' id='line_1_14' title="bbox 560 1353 2408 1439; baseline 0 -21"><span class='ocrx_word' id='word_1_62' title='bbox 560 1374 563 1377; x_wconf 74' lang='grc'><strong>’</strong></span> <span class='ocrx_word' id='word_1_63' title='bbox 595 1353 672 1418; x_wconf 92' lang='lat' dir='ltr'><strong>Si</strong></span> <span class='ocrx_word' id='word_1_64' title='bbox 700 1362 794 1432; x_wconf 91' lang='lat' dir='ltr'><strong>tu,</strong></span> <span class='ocrx_word' id='word_1_65' title='bbox 828 1354 1075 1431; x_wconf 87' lang='lat' dir='ltr'><strong>Roma,</strong></span> <span class='ocrx_word' id='word_1_66' title='bbox 1107 1356 1315 1420; x_wconf 86' lang='lat' dir='ltr'><strong>velis:</strong></span> <span class='ocrx_word' id='word_1_67' title='bbox 1362 1374 1487 1438; x_wconf 87' lang='lat' dir='ltr'><strong>pro</strong></span> <span class='ocrx_word' id='word_1_68' title='bbox 1514 1361 1580 1419; x_wconf 90' lang='lat' dir='ltr'><strong>te</strong></span> <span class='ocrx_word' id='word_1_69' title='bbox 1613 1376 2076 1439; x_wconf 85' lang='lat' dir='ltr'><strong>quascumque</strong></span> <span class='ocrx_word' id='word_1_70' title='bbox 2111 1374 2224 1438; x_wconf 84' lang='lat' dir='ltr'><strong>per</strong></span> <span class='ocrx_word' id='word_1_71' title='bbox 2252 1374 2408 1418; x_wconf 86' lang='lat' dir='ltr'><strong>oras</strong></span> 
     </span>
     <span class='ocr_line' id='line_1_15' title="bbox 590 1456 2093 1540; baseline -0.001 -18"><span class='ocrx_word' id='word_1_72' title='bbox 590 1456 876 1536; x_wconf 75' lang='lat' dir='ltr'><strong>Ibimu8‚</strong></span> <span class='ocrx_word' id='word_1_73' title='bbox 906 1463 969 1521; x_wconf 89' lang='lat' dir='ltr'><strong>et</strong></span> <span class='ocrx_word' id='word_1_74' title='bbox 996 1458 1175 1521; x_wconf 87' lang='lat' dir='ltr'><strong>nulla</strong></span> <span class='ocrx_word' id='word_1_75' title='bbox 1202 1458 1324 1521; x_wconf 90' lang='lat' dir='ltr'><strong>sub</strong></span> <span class='ocrx_word' id='word_1_76' title='bbox 1356 1464 1751 1540; x_wconf 82' lang='lat' dir='ltr'><strong>tempestate</strong></span> <span class='ocrx_word' id='word_1_77' title='bbox 1781 1459 2093 1522; x_wconf 86' lang='lat' dir='ltr'><strong>timentes</strong></span> 
     </span>
    </p>
   </div>
   <div class='ocr_carea' id='block_1_10' title="bbox 590 1557 2288 1636">
    <p class='ocr_par' dir='ltr' id='par_1_10' title="bbox 590 1557 2288 1636">
     <span class='ocr_line' id='line_1_16' title="bbox 590 1557 2288 1636; baseline 0.001 -14"><span class='ocrx_word' id='word_1_78' title='bbox 590 1558 898 1623; x_wconf 87' lang='lat' dir='ltr'><strong>Solstitio</strong></span> <span class='ocrx_word' id='word_1_79' title='bbox 929 1557 1229 1636; x_wconf 70' lang='lat' dir='ltr'><strong>Meroen,</strong></span> <span class='ocrx_word' id='word_1_80' title='bbox 1256 1560 1490 1622; x_wconf 83' lang='lat' dir='ltr'><strong>bruma</strong></span> <span class='ocrx_word' id='word_1_81' title='bbox 1519 1560 1926 1623; x_wconf 85' lang='lat' dir='ltr'><strong>tentabimus</strong></span> <span class='ocrx_word' id='word_1_82' title='bbox 1956 1560 2288 1623; x_wconf 84' lang='lat' dir='ltr'><strong>Histrum.</strong></span> 
     </span>
    </p>
   </div>
   <div class='ocr_carea' id='block_1_11' title="bbox 2678 1559 2808 1623">
    <p class='ocr_par' dir='ltr' id='par_1_11' title="bbox 2678 1559 2808 1623">
     <span class='ocr_line' id='line_1_17' title="bbox 2678 1559 2808 1623; baseline 0 0"><span class='ocrx_word' id='word_1_83' title='bbox 2678 1559 2808 1623; x_wconf 78' lang='lat'><strong>135</strong></span> 
     </span>
    </p>
   </div>
   <div class='ocr_carea' id='block_1_12' title="bbox 586 1698 2811 1903">
    <p class='ocr_par' dir='ltr' id='par_1_12' title="bbox 586 1698 2811 1903">
     <span class='ocr_line' id='line_1_18' title="bbox 592 1698 2810 1772; baseline 0 -17"><span class='ocrx_word' id='word_1_84' title='bbox 592 1704 716 1767; x_wconf 75' lang='lat' dir='ltr'><strong>nuit,</strong></span> <span class='ocrx_word' id='word_1_85' title='bbox 738 1698 785 1757; x_wconf 72' lang='lat' dir='ltr'><strong>et</strong></span> <span class='ocrx_word' id='word_1_86' title='bbox 802 1710 936 1772; x_wconf 77' lang='lat' dir='ltr'><strong>sylva</strong></span> <span class='ocrx_word' id='word_1_87' title='bbox 954 1710 1097 1771; x_wconf 76' lang='lat' dir='ltr'><strong>nigra</strong></span> <span class='ocrx_word' id='word_1_88' title='bbox 1119 1710 1325 1771; x_wconf 64' lang='lat' dir='ltr'><strong>reverita</strong></span> <span class='ocrx_word' id='word_1_89' title='bbox 1348 1716 1417 1759; x_wconf 79' lang='lat' dir='ltr'><strong>est</strong></span> <span class='ocrx_word' id='word_1_90' title='bbox 1438 1712 1744 1772; x_wconf 70' lang='lat' dir='ltr'><strong>questatem,</strong></span> <span class='ocrx_word' id='word_1_91' title='bbox 1797 1712 1988 1761; x_wconf 75' lang='lat' dir='ltr'><strong>Pn’mus</strong></span> <span class='ocrx_word' id='word_1_92' title='bbox 2001 1711 2084 1760; x_wconf 75' lang='lat' dir='ltr'><strong>hic</strong></span> <span class='ocrx_word' id='word_1_93' title='bbox 2104 1710 2359 1772; x_wconf 80' lang='lat' dir='ltr'><strong>Princeps</strong></span> <span class='ocrx_word' id='word_1_94' title='bbox 2387 1709 2532 1766; x_wconf 54' lang='lat' dir='ltr'><strong>davit,</strong></span> <span class='ocrx_word' id='word_1_95' title='bbox 2560 1710 2604 1755; x_wconf 90' lang='grc' dir='ltr'><em>Ο</em></span> <span class='ocrx_word' id='word_1_96' title='bbox 2629 1708 2810 1767; x_wconf 82' lang='lat' dir='ltr'><strong>Roma,</strong></span> 
     </span>
     <span class='ocr_line' id='line_1_19' title="bbox 586 1772 2811 1837; baseline 0 -18"><span class='ocrx_word' id='word_1_97' title='bbox 586 1784 765 1820; x_wconf 70' lang='lat' dir='ltr'><strong>numen</strong></span> <span class='ocrx_word' id='word_1_98' title='bbox 782 1778 995 1833; x_wconf 67' lang='lat' dir='ltr'><strong>gratum,</strong></span> <span class='ocrx_word' id='word_1_99' title='bbox 1018 1779 1065 1822; x_wconf 83' lang='lat' dir='ltr'><strong>et</strong></span> <span class='ocrx_word' id='word_1_100' title='bbox 1086 1780 1239 1823; x_wconf 83' lang='lat' dir='ltr'><strong>mater</strong></span> <span class='ocrx_word' id='word_1_101' title='bbox 1259 1776 1431 1837; x_wconf 79' lang='lat' dir='ltr'><strong>legum,</strong></span> <span class='ocrx_word' id='word_1_102' title='bbox 1454 1782 1499 1824; x_wconf 70' lang='lat' dir='ltr'><strong>rt</strong></span> <span class='ocrx_word' id='word_1_103' title='bbox 1536 1778 1693 1824; x_wconf 76' lang='lat' dir='ltr'><strong>cincta</strong></span> <span class='ocrx_word' id='word_1_104' title='bbox 1728 1778 1822 1825; x_wconf 72' lang='lat' dir='ltr'><strong>late</strong></span> <span class='ocrx_word' id='word_1_105' title='bbox 1859 1778 1971 1823; x_wconf 83' lang='lat' dir='ltr'><strong>coelo</strong></span> <span class='ocrx_word' id='word_1_106' title='bbox 2005 1775 2325 1837; x_wconf 76' lang='lat' dir='ltr'><strong>gubernando,</strong></span> <span class='ocrx_word' id='word_1_107' title='bbox 2345 1773 2510 1822; x_wconf 78' lang='lat' dir='ltr'><strong>addita</strong></span> <span class='ocrx_word' id='word_1_108' title='bbox 2531 1773 2655 1821; x_wconf 82' lang='lat' dir='ltr'><strong>socia</strong></span> <span class='ocrx_word' id='word_1_109' title='bbox 2675 1772 2811 1833; x_wconf 68' lang='lat' dir='ltr'><strong>Jovi,</strong></span> 
     </span>
     <span class='ocr_line' id='line_1_20' title="bbox 592 1834 2807 1903; baseline -0 -20"><span class='ocrx_word' id='word_1_110' title='bbox 592 1836 671 1883; x_wconf 72' lang='lat' dir='ltr'><strong>dic</strong></span> <span class='ocrx_word' id='word_1_111' title='bbox 692 1850 822 1900; x_wconf 84' lang='lat' dir='ltr'><strong>ergo,</strong></span> <span class='ocrx_word' id='word_1_112' title='bbox 842 1852 943 1899; x_wconf 74' lang='lat' dir='ltr'><strong>quae</strong></span> <span class='ocrx_word' id='word_1_113' title='bbox 979 1854 1117 1887; x_wconf 80' lang='lat' dir='ltr'><strong>causa</strong></span> <span class='ocrx_word' id='word_1_114' title='bbox 1151 1846 1233 1887; x_wconf 88' lang='lat' dir='ltr'><strong>est</strong></span> <span class='ocrx_word' id='word_1_115' title='bbox 1266 1842 1356 1887; x_wconf 79' lang='lat' dir='ltr'><strong>viae</strong></span> <span class='ocrx_word' id='word_1_116' title='bbox 1390 1847 1491 1888; x_wconf 79' lang='lat' dir='ltr'><strong>tuae</strong></span> <span class='ocrx_word' id='word_1_117' title='bbox 1513 1844 1530 1888; x_wconf 84' lang='lat'>?</span> <span class='ocrx_word' id='word_1_118' title='bbox 1564 1854 1652 1889; x_wconf 79' lang='lat' dir='ltr'><strong>cur</strong></span> <span class='ocrx_word' id='word_1_119' title='bbox 1673 1841 1900 1903; x_wconf 77' lang='lat' dir='ltr'><strong>relinquis</strong></span> <span class='ocrx_word' id='word_1_120' title='bbox 1919 1840 2055 1889; x_wconf 80' lang='lat' dir='ltr'><strong>urbes</strong></span> <span class='ocrx_word' id='word_1_121' title='bbox 2079 1840 2246 1899; x_wconf 75' lang='lat' dir='ltr'><strong>Italas,</strong></span> <span class='ocrx_word' id='word_1_122' title='bbox 2268 1843 2314 1887; x_wconf 83' lang='lat' dir='ltr'><strong>et</strong></span> <span class='ocrx_word' id='word_1_123' title='bbox 2337 1840 2488 1887; x_wconf 77' lang='lat' dir='ltr'><strong>sedem</strong></span> <span class='ocrx_word' id='word_1_124' title='bbox 2511 1842 2642 1885; x_wconf 79' lang='lat' dir='ltr'><strong>tuam</strong></span> <span class='ocrx_word' id='word_1_125' title='bbox 2656 1834 2681 1885; x_wconf 75' lang='lat'><strong>:1</strong></span> <span class='ocrx_word' id='word_1_126' title='bbox 2713 1835 2807 1895; x_wconf 78' lang='lat' dir='ltr'><strong>dic,</strong></span> 
     </span>
    </p>
   </div>
   <div class='ocr_carea' id='block_1_13' title="bbox 594 1899 986 1960">
    <p class='ocr_par' dir='ltr' id='par_1_13' title="bbox 594 1899 986 1960">
     <span class='ocr_line' id='line_1_21' title="bbox 594 1899 986 1960; baseline 0.008 -13"><span class='ocrx_word' id='word_1_127' title='bbox 594 1899 786 1960; x_wconf 68' lang='lat' dir='ltr'><strong>Regitur</strong></span> <span class='ocrx_word' id='word_1_128' title='bbox 806 1903 986 1950; x_wconf 77' lang='grc' dir='ltr'><strong><em>ηηιπάὶ.</em></strong></span> 
     </span>
    </p>
   </div>
   <div class='ocr_carea' id='block_1_14' title="bbox 1058 1900 2809 1968">
    <p class='ocr_par' dir='ltr' id='par_1_14' title="bbox 1058 1900 2809 1968">
     <span class='ocr_line' id='line_1_22' title="bbox 1058 1900 2809 1968; baseline -0.003 -16"><span class='ocrx_word' id='word_1_129' title='bbox 1058 1905 1168 1952; x_wconf 82' lang='lat' dir='ltr'><strong>Non</strong></span> <span class='ocrx_word' id='word_1_130' title='bbox 1190 1919 1277 1965; x_wconf 82' lang='lat' dir='ltr'><strong>ego</strong></span> <span class='ocrx_word' id='word_1_131' title='bbox 1299 1905 1507 1953; x_wconf 69' lang='lat' dir='ltr'><strong>desinam</strong></span> <span class='ocrx_word' id='word_1_132' title='bbox 1534 1907 1604 1953; x_wconf 78' lang='lat' dir='ltr'><strong>vel</strong></span> <span class='ocrx_word' id='word_1_133' title='bbox 1637 1904 1850 1968; x_wconf 83' lang='lat' dir='ltr'><strong>perferre</strong></span> <span class='ocrx_word' id='word_1_134' title='bbox 1887 1906 2064 1953; x_wconf 80' lang='lat' dir='ltr'><strong>calores</strong></span> <span class='ocrx_word' id='word_1_135' title='bbox 2097 1903 2278 1966; x_wconf 76' lang='lat' dir='ltr'><strong><em>Libyoe,</em></strong></span> <span class='ocrx_word' id='word_1_136' title='bbox 2298 1903 2370 1951; x_wconf 72' lang='lat' dir='ltr'><strong>rel</strong></span> <span class='ocrx_word' id='word_1_137' title='bbox 2386 1903 2494 1965; x_wconf 71' lang='lat' dir='ltr'><strong>perti</strong></span> <span class='ocrx_word' id='word_1_138' title='bbox 2514 1906 2673 1949; x_wconf 68' lang='lat' dir='ltr'><strong>omos</strong></span> <span class='ocrx_word' id='word_1_139' title='bbox 2695 1900 2809 1949; x_wconf 79' lang='lat' dir='ltr'><strong>Sur-</strong></span> 
     </span>
    </p>
   </div>
   <div class='ocr_carea' id='block_1_15' title="bbox 594 1965 2809 2032">
    <p class='ocr_par' dir='ltr' id='par_1_15' title="bbox 594 1965 2809 2032">
     <span class='ocr_line' id='line_1_23' title="bbox 594 1965 2809 2032; baseline 0 -21"><span class='ocrx_word' id='word_1_140' title='bbox 594 1966 789 2013; x_wconf 77' lang='lat' dir='ltr'><strong>maticos</strong></span> <span class='ocrx_word' id='word_1_141' title='bbox 807 1965 889 2013; x_wconf 80' lang='lat' dir='ltr'><strong>sub</strong></span> <span class='ocrx_word' id='word_1_142' title='bbox 908 1966 1069 2029; x_wconf 79' lang='lat' dir='ltr'><strong>hyeme</strong></span> <span class='ocrx_word' id='word_1_143' title='bbox 1089 1968 1264 2029; x_wconf 77' lang='lat' dir='ltr'><strong>media,</strong></span> <span class='ocrx_word' id='word_1_144' title='bbox 1285 1970 1329 2017; x_wconf 75' lang='grc' dir='ltr'><strong>εἰ</strong></span> <span class='ocrx_word' id='word_1_145' title='bbox 1348 1974 1419 2031; x_wconf 79' lang='lat' dir='ltr'><strong>tu,</strong></span> <span class='ocrx_word' id='word_1_146' title='bbox 1444 1970 1614 2031; x_wconf 80' lang='lat' dir='ltr'><strong>Roma,</strong></span> <span class='ocrx_word' id='word_1_147' title='bbox 1648 1975 1812 2032; x_wconf 59' lang='lat' dir='ltr'><strong>optem,-</strong></span> <span class='ocrx_word' id='word_1_148' title='bbox 1839 1985 1927 2031; x_wconf 80' lang='lat' dir='ltr'><strong>pro</strong></span> <span class='ocrx_word' id='word_1_149' title='bbox 1949 1974 1998 2017; x_wconf 86' lang='lat' dir='ltr'><strong>te</strong></span> <span class='ocrx_word' id='word_1_150' title='bbox 2018 1966 2191 2015; x_wconf 74' lang='lat' dir='ltr'><strong>ibimus</strong></span> <span class='ocrx_word' id='word_1_151' title='bbox 2219 1982 2304 2029; x_wconf 83' lang='lat' dir='ltr'><strong>per</strong></span> <span class='ocrx_word' id='word_1_152' title='bbox 2325 1980 2478 2015; x_wconf 76' lang='lat' dir='ltr'><strong>omnes</strong></span> <span class='ocrx_word' id='word_1_153' title='bbox 2509 1966 2740 2025; x_wconf 73' lang='lat' dir='ltr'><strong>regiones,</strong></span> <span class='ocrx_word' id='word_1_154' title='bbox 2761 1969 2809 2012; x_wconf 72' lang='lat' dir='ltr'><strong>et</strong></span> 
     </span>
    </p>
   </div>
   <div class='ocr_carea' id='block_1_16' title="bbox 587 2030 2623 2095">
    <p class='ocr_par' dir='ltr' id='par_1_16' title="bbox 587 2030 2623 2095">
     <span class='ocr_line' id='line_1_24' title="bbox 587 2030 2623 2095; baseline 0.001 -18"><span class='ocrx_word' id='word_1_155' title='bbox 587 2040 675 2091; x_wconf 75' lang='lat' dir='ltr'><strong>per</strong></span> <span class='ocrx_word' id='word_1_156' title='bbox 696 2031 873 2078; x_wconf 78' lang='lat' dir='ltr'><strong>nullum</strong></span> <span class='ocrx_word' id='word_1_157' title='bbox 908 2032 1129 2080; x_wconf 76' lang='lat' dir='ltr'><strong>timentes</strong></span> <span class='ocrx_word' id='word_1_158' title='bbox 1154 2037 1355 2095; x_wconf 69' lang='lat' dir='ltr'><strong>tempus,</strong></span> <span class='ocrx_word' id='word_1_159' title='bbox 1378 2035 1715 2095; x_wconf 75' lang='lat' dir='ltr'><strong>aggrediemur</strong></span> <span class='ocrx_word' id='word_1_160' title='bbox 1735 2034 1934 2083; x_wconf 57' lang='lat' dir='ltr'><strong>Meroen</strong></span> <span class='ocrx_word' id='word_1_161' title='bbox 1953 2036 2136 2095; x_wconf 63' lang='lat' dir='ltr'><strong>astute,</strong></span> <span class='ocrx_word' id='word_1_162' title='bbox 2155 2030 2428 2082; x_wconf 65' lang='lat' dir='ltr'><strong>Danubium</strong></span> <span class='ocrx_word' id='word_1_163' title='bbox 2447 2031 2623 2094; x_wconf 73' lang='lat' dir='ltr'><strong>hyeme.</strong></span> 
     </span>
    </p>
   </div>
   <div class='ocr_carea' id='block_1_17' title="bbox 2693 2030 2810 2077">
    <p class='ocr_par' dir='ltr' id='par_1_17' title="bbox 2693 2030 2810 2077">
     <span class='ocr_line' id='line_1_25' title="bbox 2693 2030 2810 2077; baseline 0 0"><span class='ocrx_word' id='word_1_164' title='bbox 2693 2030 2810 2077; x_wconf 67' lang='grc' dir='ltr'><strong>Τιιηι</strong></span> 
     </span>
    </p>
   </div>
   <div class='ocr_carea' id='block_1_18' title="bbox 1517 2159 1873 2181">
    <p class='ocr_par' dir='ltr' id='par_1_18' title="bbox 1517 2159 1873 2181">
     <span class='ocr_line' id='line_1_26' title="bbox 1517 2159 1873 2181; baseline -0.003 -1"><span class='ocrx_word' id='word_1_165' title='bbox 1517 2159 1574 2181; x_wconf 71' lang='lat'><strong>00</strong></span> <span class='ocrx_word' id='word_1_166' title='bbox 1579 2161 1873 2181; x_wconf 56' lang='lat' dir='ltr'><strong>“m-‘OOC‘</strong></span> 
     </span>
    </p>
   </div>
   <div class='ocr_carea' id='block_1_19' title="bbox 589 2246 2809 2571">
    <p class='ocr_par' dir='ltr' id='par_1_19' title="bbox 589 2246 2809 2571">
     <span class='ocr_line' id='line_1_27' title="bbox 590 2246 2807 2310; baseline 0 -15"><span class='ocrx_word' id='word_1_167' title='bbox 590 2246 770 2296; x_wconf 85' lang='lat' dir='ltr'><strong>Vicet.</strong></span> <span class='ocrx_word' id='word_1_168' title='bbox 825 2253 900 2296; x_wconf 77' lang='lat' dir='ltr'><strong>ter</strong></span> <span class='ocrx_word' id='word_1_169' title='bbox 919 2248 1111 2297; x_wconf 85' lang='lat' dir='ltr'><strong>Moret.</strong></span> <span class='ocrx_word' id='word_1_170' title='bbox 1159 2254 1271 2298; x_wconf 77' lang='lat' dir='ltr'><strong>tunc</strong></span> <span class='ocrx_word' id='word_1_171' title='bbox 1296 2250 1419 2299; x_wconf 83' lang='lat' dir='ltr'><strong>Vat.</strong></span> <span class='ocrx_word' id='word_1_172' title='bbox 1437 2248 1578 2309; x_wconf 74' lang='lat' dir='ltr'><strong>,duo,</strong></span> <span class='ocrx_word' id='word_1_173' title='bbox 1617 2249 1732 2297; x_wconf 84' lang='lat' dir='ltr'><strong>Pal.</strong></span> <span class='ocrx_word' id='word_1_174' title='bbox 1771 2250 2092 2299; x_wconf 58' lang='lat' dir='ltr'><strong>Fam—125</strong></span> <span class='ocrx_word' id='word_1_175' title='bbox 2127 2248 2310 2297; x_wconf 75' lang='lat' dir='ltr'><strong>concita</strong></span> <span class='ocrx_word' id='word_1_176' title='bbox 2336 2262 2431 2310; x_wconf 86' lang='lat' dir='ltr'><strong>pro</strong></span> <span class='ocrx_word' id='word_1_177' title='bbox 2453 2248 2635 2296; x_wconf 75' lang='lat' dir='ltr'><strong>conscia</strong></span> <span class='ocrx_word' id='word_1_178' title='bbox 2660 2246 2807 2297; x_wconf 86' lang='lat' dir='ltr'><strong>Leid.</strong></span> 
     </span>
     <span class='ocr_line' id='line_1_28' title="bbox 594 2311 2806 2424; baseline 0.001 -65"><span class='ocrx_word' id='word_1_179' title='bbox 594 2324 674 2424; x_wconf 53' lang='lat' dir='ltr'><strong>{a</strong></span> <span class='ocrx_word' id='word_1_180' title='bbox 706 2317 863 2360; x_wconf 78' lang='lat' dir='ltr'><strong>atrum</strong></span> <span class='ocrx_word' id='word_1_181' title='bbox 886 2320 992 2361; x_wconf 86' lang='lat' dir='ltr'><strong>vet.</strong></span> <span class='ocrx_word' id='word_1_182' title='bbox 1018 2312 1150 2376; x_wconf 85' lang='lat' dir='ltr'><strong>Gyr.</strong></span> <span class='ocrx_word' id='word_1_183' title='bbox 1174 2314 1358 2361; x_wconf 88' lang='lat' dir='ltr'><strong>Petav.</strong></span> <span class='ocrx_word' id='word_1_184' title='bbox 1382 2328 1461 2376; x_wconf 91' lang='lat' dir='ltr'><strong>pr.</strong></span> <span class='ocrx_word' id='word_1_185' title='bbox 1483 2314 1583 2362; x_wconf 84' lang='lat' dir='ltr'><strong>duo</strong></span> <span class='ocrx_word' id='word_1_186' title='bbox 1605 2312 1751 2361; x_wconf 81' lang='lat' dir='ltr'><strong>Med.</strong></span> <span class='ocrx_word' id='word_1_187' title='bbox 1777 2320 1881 2363; x_wconf 85' lang='lat' dir='ltr'><strong>vet.</strong></span> <span class='ocrx_word' id='word_1_188' title='bbox 1903 2314 1988 2363; x_wconf 84' lang='lat' dir='ltr'><strong>ed.</strong></span> <span class='ocrx_word' id='word_1_189' title='bbox 2011 2314 2184 2363; x_wconf 81' lang='lat' dir='ltr'><strong>Parm.</strong></span> <span class='ocrx_word' id='word_1_190' title='bbox 2218 2318 2376 2362; x_wconf 76' lang='lat' dir='ltr'><strong>artum</strong></span> <span class='ocrx_word' id='word_1_191' title='bbox 2399 2311 2514 2361; x_wconf 84' lang='lat' dir='ltr'><strong>Pal.</strong></span> <span class='ocrx_word' id='word_1_192' title='bbox 2551 2312 2652 2359; x_wconf 77' lang='lat' dir='ltr'><strong>acri</strong></span> <span class='ocrx_word' id='word_1_193' title='bbox 2675 2312 2806 2362; x_wconf 85' lang='lat' dir='ltr'><strong>Exc.</strong></span> 
     </span>
     <span class='ocr_line' id='line_1_29' title="bbox 589 2376 2806 2442; baseline 0.001 -18"><span class='ocrx_word' id='word_1_194' title='bbox 589 2384 597 2413; x_wconf 72' lang='lat' dir='ltr'>f</span> <span class='ocrx_word' id='word_1_195' title='bbox 640 2377 746 2424; x_wconf 83' lang='lat' dir='ltr'><strong>aeti.</strong></span> <span class='ocrx_word' id='word_1_196' title='bbox 794 2377 967 2425; x_wconf 81' lang='lat' dir='ltr'><strong>acriter</strong></span> <span class='ocrx_word' id='word_1_197' title='bbox 989 2378 1070 2425; x_wconf 85' lang='lat' dir='ltr'><strong>ed.</strong></span> <span class='ocrx_word' id='word_1_198' title='bbox 1098 2376 1435 2427; x_wconf 83' lang='lat' dir='ltr'><strong>Vicet.-126</strong></span> <span class='ocrx_word' id='word_1_199' title='bbox 1466 2378 1567 2426; x_wconf 76' lang='lat' dir='ltr'><strong>hoec</strong></span> <span class='ocrx_word' id='word_1_200' title='bbox 1590 2378 1776 2427; x_wconf 82' lang='lat' dir='ltr'><strong>Petav.</strong></span> <span class='ocrx_word' id='word_1_201' title='bbox 1813 2393 1894 2441; x_wconf 87' lang='lat' dir='ltr'><strong>pr.</strong></span> <span class='ocrx_word' id='word_1_202' title='bbox 1927 2380 2124 2427; x_wconf 70' lang='lat' dir='ltr'><strong>Movet.</strong></span> <span class='ocrx_word' id='word_1_203' title='bbox 2163 2378 2309 2425; x_wconf 87' lang='lat' dir='ltr'><strong>Med.</strong></span> <span class='ocrx_word' id='word_1_204' title='bbox 2344 2384 2512 2442; x_wconf 86' lang='lat' dir='ltr'><strong>quart.</strong></span> <span class='ocrx_word' id='word_1_205' title='bbox 2569 2376 2652 2424; x_wconf 78' lang='lat' dir='ltr'><strong>hoc</strong></span> <span class='ocrx_word' id='word_1_206' title='bbox 2688 2376 2806 2426; x_wconf 84' lang='lat' dir='ltr'><strong>Pal.</strong></span> 
     </span>
     <span class='ocr_line' id='line_1_30' title="bbox 592 2441 2809 2506; baseline 0 -17"><span class='ocrx_word' id='word_1_207' title='bbox 592 2444 753 2489; x_wconf 82' lang='grc'><strong>--127</strong></span> <span class='ocrx_word' id='word_1_208' title='bbox 788 2442 1011 2503; x_wconf 77' lang='lat' dir='ltr'><strong>longeque</strong></span> <span class='ocrx_word' id='word_1_209' title='bbox 1048 2441 1195 2491; x_wconf 87' lang='lat' dir='ltr'><strong>Med.</strong></span> <span class='ocrx_word' id='word_1_210' title='bbox 1234 2450 1402 2505; x_wconf 82' lang='lat' dir='ltr'><strong>quart.</strong></span> <span class='ocrx_word' id='word_1_211' title='bbox 1444 2450 1501 2491; x_wconf 88' lang='lat' dir='ltr'><strong>et</strong></span> <span class='ocrx_word' id='word_1_212' title='bbox 1540 2442 1625 2492; x_wconf 87' lang='lat' dir='ltr'><strong>ed.</strong></span> <span class='ocrx_word' id='word_1_213' title='bbox 1663 2443 1837 2493; x_wconf 86' lang='lat' dir='ltr'><strong>Vicet.</strong></span> <span class='ocrx_word' id='word_1_214' title='bbox 1892 2446 2117 2506; x_wconf 75' lang='lat' dir='ltr'><strong>longoque</strong></span> <span class='ocrx_word' id='word_1_215' title='bbox 2149 2442 2294 2491; x_wconf 86' lang='lat' dir='ltr'><strong>Med.</strong></span> <span class='ocrx_word' id='word_1_216' title='bbox 2329 2444 2573 2505; x_wconf 57' lang='grc' dir='ltr'><strong>[ηπ-128</strong></span> <span class='ocrx_word' id='word_1_217' title='bbox 2606 2442 2809 2490; x_wconf 73' lang='lat' dir='ltr'><strong>adducta</strong></span> 
     </span>
     <span class='ocr_line' id='line_1_31' title="bbox 594 2504 2806 2571; baseline -0.001 -16"><span class='ocrx_word' id='word_1_218' title='bbox 594 2504 829 2555; x_wconf 71' lang='lat' dir='ltr'><strong>Tonantis</strong></span> <span class='ocrx_word' id='word_1_219' title='bbox 848 2506 996 2554; x_wconf 87' lang='lat' dir='ltr'><strong>Leid.</strong></span> <span class='ocrx_word' id='word_1_220' title='bbox 1024 2521 1102 2569; x_wconf 86' lang='lat' dir='ltr'><strong>pr.</strong></span> <span class='ocrx_word' id='word_1_221' title='bbox 1135 2508 1303 2555; x_wconf 77' lang='lat' dir='ltr'><strong>addita</strong></span> <span class='ocrx_word' id='word_1_222' title='bbox 1321 2512 1430 2556; x_wconf 85' lang='lat' dir='ltr'><strong>vet.</strong></span> <span class='ocrx_word' id='word_1_223' title='bbox 1454 2507 1537 2557; x_wconf 88' lang='lat' dir='ltr'><strong>ed.</strong></span> <span class='ocrx_word' id='word_1_224' title='bbox 1557 2506 1730 2556; x_wconf 86' lang='lat' dir='ltr'><strong>Parm.</strong></span> <span class='ocrx_word' id='word_1_225' title='bbox 1775 2509 1967 2556; x_wconf 79' lang='lat' dir='ltr'><strong>addicta</strong></span> <span class='ocrx_word' id='word_1_226' title='bbox 1990 2510 2112 2556; x_wconf 90' lang='lat' dir='ltr'><strong>Vat.</strong></span> <span class='ocrx_word' id='word_1_227' title='bbox 2135 2514 2246 2571; x_wconf 90' lang='lat' dir='ltr'><strong>opt.</strong></span> <span class='ocrx_word' id='word_1_228' title='bbox 2270 2506 2425 2555; x_wconf 83' lang='lat' dir='ltr'><strong>Farn.</strong></span> <span class='ocrx_word' id='word_1_229' title='bbox 2451 2506 2592 2555; x_wconf 84' lang='lat' dir='ltr'><strong>Prie.</strong></span> <span class='ocrx_word' id='word_1_230' title='bbox 2617 2504 2806 2555; x_wconf 83' lang='lat' dir='ltr'><strong>Petav.</strong></span> 
     </span>
    </p>
   </div>
   <div class='ocr_carea' id='block_1_20' title="bbox 590 2568 1172 2633">
    <p class='ocr_par' dir='ltr' id='par_1_20' title="bbox 590 2568 1172 2633">
     <span class='ocr_line' id='line_1_32' title="bbox 590 2568 1172 2633; baseline 0.005 -17"><span class='ocrx_word' id='word_1_231' title='bbox 590 2580 673 2631; x_wconf 86' lang='lat' dir='ltr'><strong>pr.</strong></span> <span class='ocrx_word' id='word_1_232' title='bbox 693 2568 777 2618; x_wconf 89' lang='lat' dir='ltr'><strong>ed.</strong></span> <span class='ocrx_word' id='word_1_233' title='bbox 803 2570 974 2618; x_wconf 84' lang='lat' dir='ltr'><strong>Vicet.</strong></span> <span class='ocrx_word' id='word_1_234' title='bbox 1000 2570 1172 2633; x_wconf 84' lang='lat' dir='ltr'><strong>Islngr</strong></span> 
     </span>
    </p>
   </div>
   <div class='ocr_carea' id='block_1_21' title="bbox 1175 2569 2806 2634">
    <p class='ocr_par' dir='ltr' id='par_1_21' title="bbox 1175 2569 2806 2634">
     <span class='ocr_line' id='line_1_33' title="bbox 1175 2569 2806 2634; baseline 0 -15"><span class='ocrx_word' id='word_1_235' title='bbox 1175 2605 1188 2619; x_wconf 91' lang='lat'><strong>.</strong></span> <span class='ocrx_word' id='word_1_236' title='bbox 1221 2573 1430 2620; x_wconf 78' lang='lat' dir='ltr'><strong>adducta</strong></span> <span class='ocrx_word' id='word_1_237' title='bbox 1448 2571 1570 2620; x_wconf 86' lang='lat' dir='ltr'><strong>Vat.</strong></span> <span class='ocrx_word' id='word_1_238' title='bbox 1592 2572 1762 2634; x_wconf 84' lang='lat' dir='ltr'><strong>quint.</strong></span> <span class='ocrx_word' id='word_1_239' title='bbox 1785 2573 1902 2620; x_wconf 87' lang='lat' dir='ltr'><strong>Pal.</strong></span> <span class='ocrx_word' id='word_1_240' title='bbox 1925 2572 2134 2623; x_wconf 85' lang='lat' dir='ltr'><strong>Junian.</strong></span> <span class='ocrx_word' id='word_1_241' title='bbox 2179 2570 2406 2619; x_wconf 69' lang='lat' dir='ltr'><strong>Tonantis</strong></span> <span class='ocrx_word' id='word_1_242' title='bbox 2430 2570 2574 2619; x_wconf 89' lang='lat' dir='ltr'><strong>Med.</strong></span> <span class='ocrx_word' id='word_1_243' title='bbox 2600 2584 2676 2633; x_wconf 90' lang='lat' dir='ltr'><strong>pr.</strong></span> <span class='ocrx_word' id='word_1_244' title='bbox 2704 2569 2806 2619; x_wconf 83' lang='lat' dir='ltr'><strong>duo</strong></span> 
     </span>
    </p>
   </div>
   <div class='ocr_carea' id='block_1_22' title="bbox 575 2632 2809 2835">
    <p class='ocr_par' dir='ltr' id='par_1_22' title="bbox 575 2632 2809 2835">
     <span class='ocr_line' id='line_1_34' title="bbox 592 2632 2808 2698; baseline 0 -18"><span class='ocrx_word' id='word_1_245' title='bbox 592 2632 715 2681; x_wconf 86' lang='lat' dir='ltr'><strong>Vat.</strong></span> <span class='ocrx_word' id='word_1_246' title='bbox 739 2634 894 2682; x_wconf 74' lang='lat' dir='ltr'><strong>Fan-n.</strong></span> <span class='ocrx_word' id='word_1_247' title='bbox 917 2634 1059 2684; x_wconf 85' lang='lat' dir='ltr'><strong>Prie.</strong></span> <span class='ocrx_word' id='word_1_248' title='bbox 1082 2635 1199 2683; x_wconf 82' lang='lat' dir='ltr'><strong>Pal.</strong></span> <span class='ocrx_word' id='word_1_249' title='bbox 1236 2642 1292 2683; x_wconf 90' lang='lat' dir='ltr'><strong>et</strong></span> <span class='ocrx_word' id='word_1_250' title='bbox 1329 2636 1525 2685; x_wconf 87' lang='lat' dir='ltr'><strong>Moret.</strong></span> <span class='ocrx_word' id='word_1_251' title='bbox 1562 2635 1777 2686; x_wconf 79' lang='lat' dir='ltr'><strong>Junian.</strong></span> <span class='ocrx_word' id='word_1_252' title='bbox 1802 2636 2049 2685; x_wconf 77' lang='lat' dir='ltr'><strong>Heinsius</strong></span> <span class='ocrx_word' id='word_1_253' title='bbox 2091 2636 2386 2698; x_wconf 86' lang='lat' dir='ltr'><strong>conjecerat</strong></span> <span class='ocrx_word' id='word_1_254' title='bbox 2418 2649 2686 2697; x_wconf 76' lang='lat' dir='ltr'><strong>consorsque</strong></span> <span class='ocrx_word' id='word_1_255' title='bbox 2725 2636 2808 2681; x_wconf 74' lang='lat' dir='ltr'><strong>ad-</strong></span> 
     </span>
     <span class='ocr_line' id='line_1_35' title="bbox 575 2694 2809 2764; baseline 0.001 -19"><span class='ocrx_word' id='word_1_256' title='bbox 575 2694 746 2755; x_wconf 71' lang='lat' dir='ltr'><strong>,iuncta</strong></span> <span class='ocrx_word' id='word_1_257' title='bbox 775 2698 1161 2748; x_wconf 55' lang='lat' dir='ltr'><strong>Taranta—129</strong></span> <span class='ocrx_word' id='word_1_258' title='bbox 1192 2714 1305 2748; x_wconf 78' lang='lat' dir='ltr'><strong>curu</strong></span> <span class='ocrx_word' id='word_1_259' title='bbox 1339 2699 1481 2749; x_wconf 88' lang='lat' dir='ltr'><strong>Med.</strong></span> <span class='ocrx_word' id='word_1_260' title='bbox 1505 2704 1749 2764; x_wconf 61' lang='lat' dir='ltr'><strong>pru—131</strong></span> <span class='ocrx_word' id='word_1_261' title='bbox 1785 2701 1962 2749; x_wconf 80' lang='lat' dir='ltr'><strong>labores</strong></span> <span class='ocrx_word' id='word_1_262' title='bbox 1993 2703 2116 2751; x_wconf 71' lang='lat' dir='ltr'><strong>Vnt.</strong></span> <span class='ocrx_word' id='word_1_263' title='bbox 2139 2700 2262 2758; x_wconf 88' lang='lat' dir='ltr'><strong>duo,</strong></span> <span class='ocrx_word' id='word_1_264' title='bbox 2285 2700 2435 2747; x_wconf 77' lang='lat' dir='ltr'><strong>Far-n.</strong></span> <span class='ocrx_word' id='word_1_265' title='bbox 2461 2698 2602 2747; x_wconf 90' lang='lat' dir='ltr'><strong>Pric.</strong></span> <span class='ocrx_word' id='word_1_266' title='bbox 2626 2699 2809 2747; x_wconf 86' lang='lat' dir='ltr'><strong>Pal.—</strong></span> 
     </span>
     <span class='ocr_line' id='line_1_36' title="bbox 594 2761 2808 2835; baseline 0 -26"><span class='ocrx_word' id='word_1_267' title='bbox 594 2764 689 2835; x_wconf 69' lang='grc'><strong>132</strong></span> <span class='ocrx_word' id='word_1_268' title='bbox 712 2762 889 2813; x_wconf 70' lang='lat' dir='ltr'><strong>medios</strong></span> <span class='ocrx_word' id='word_1_269' title='bbox 909 2764 1055 2813; x_wconf 82' lang='lat' dir='ltr'><strong>Med.</strong></span> <span class='ocrx_word' id='word_1_270' title='bbox 1079 2778 1161 2826; x_wconf 84' lang='lat' dir='ltr'><strong>pr.</strong></span> <span class='ocrx_word' id='word_1_271' title='bbox 1172 2767 1323 2814; x_wconf 68' lang='lat'><strong>—133</strong></span> <span class='ocrx_word' id='word_1_272' title='bbox 1342 2780 1433 2827; x_wconf 79' lang='lat' dir='ltr'><strong>per</strong></span> <span class='ocrx_word' id='word_1_273' title='bbox 1452 2764 1592 2813; x_wconf 73' lang='lat' dir='ltr'><strong>horas</strong></span> <span class='ocrx_word' id='word_1_274' title='bbox 1613 2766 1787 2815; x_wconf 82' lang='lat' dir='ltr'><strong>vicet.</strong></span> <span class='ocrx_word' id='word_1_275' title='bbox 1810 2764 1928 2815; x_wconf 77' lang='grc' dir='ltr'><strong>ΑΜ.</strong></span> <span class='ocrx_word' id='word_1_276' title='bbox 1951 2766 2266 2816; x_wconf 61' lang='lat' dir='ltr'><strong>sunu—1³5</strong></span> <span class='ocrx_word' id='word_1_277' title='bbox 2301 2764 2514 2811; x_wconf 77' lang='lat' dir='ltr'><strong>Meroem</strong></span> <span class='ocrx_word' id='word_1_278' title='bbox 2536 2763 2638 2811; x_wconf 91' lang='lat' dir='ltr'><strong>duo</strong></span> <span class='ocrx_word' id='word_1_279' title='bbox 2659 2761 2808 2813; x_wconf 87' lang='lat' dir='ltr'><strong>Med.</strong></span> 
     </span>
    </p>
   </div>
   <div class='ocr_carea' id='block_1_23' title="bbox 1590 2874 1828 2926">
    <p class='ocr_par' dir='ltr' id='par_1_23' title="bbox 1590 2874 1828 2926">
     <span class='ocr_line' id='line_1_37' title="bbox 1590 2874 1828 2926; baseline 0.004 -2"><span class='ocrx_word' id='word_1_280' title='bbox 1590 2874 1828 2926; x_wconf 75' lang='lat' dir='ltr'><strong>NOTAE·</strong></span> 
     </span>
    </p>
   </div>
   <div class='ocr_carea' id='block_1_24' title="bbox 584 2961 1661 4317">
    <p class='ocr_par' dir='ltr' id='par_1_24' title="bbox 618 2961 1661 3025">
     <span class='ocr_line' id='line_1_38' title="bbox 618 2961 1661 3025; baseline -0.004 -10"><span class='ocrx_word' id='word_1_281' title='bbox 618 3008 625 3015; x_wconf 89' lang='lat'><em>.</em></span> <span class='ocrx_word' id='word_1_282' title='bbox 657 2963 757 3011; x_wconf 82' lang='lat' dir='ltr'><strong>Per</strong></span> <span class='ocrx_word' id='word_1_283' title='bbox 778 2962 943 3025; x_wconf 75' lang='lat' dir='ltr'><strong>auras]</strong></span> <span class='ocrx_word' id='word_1_284' title='bbox 976 2961 1250 3011; x_wconf 83' lang='lat' dir='ltr'><strong>Familiare</strong></span> <span class='ocrx_word' id='word_1_285' title='bbox 1286 2962 1406 3011; x_wconf 90' lang='lat' dir='ltr'><strong>Diis</strong></span> <span class='ocrx_word' id='word_1_286' title='bbox 1429 2968 1544 3012; x_wconf 87' lang='lat' dir='ltr'><strong>erat</strong></span> <span class='ocrx_word' id='word_1_287' title='bbox 1571 2977 1661 3011; x_wconf 87' lang='lat' dir='ltr'><strong>ne-</strong></span> 
     </span>
    </p>

    <p class='ocr_par' dir='ltr' id='par_1_25' title="bbox 588 3036 1660 3254">
     <span class='ocr_line' id='line_1_39' title="bbox 588 3036 1659 3101; baseline -0.002 -14"><span class='ocrx_word' id='word_1_288' title='bbox 588 3036 726 3087; x_wconf 88' lang='lat' dir='ltr'><strong>bulis</strong></span> <span class='ocrx_word' id='word_1_289' title='bbox 766 3038 891 3101; x_wconf 83' lang='lat' dir='ltr'><strong>tegi.</strong></span> <span class='ocrx_word' id='word_1_290' title='bbox 957 3038 1241 3087; x_wconf 83' lang='lat' dir='ltr'><strong>Horatius:</strong></span> <span class='ocrx_word' id='word_1_291' title='bbox 1292 3038 1309 3065; x_wconf 79' lang='lat'><strong>⁴</strong></span> <span class='ocrx_word' id='word_1_292' title='bbox 1336 3038 1493 3087; x_wconf 88' lang='lat' dir='ltr'><strong>Nube</strong></span> <span class='ocrx_word' id='word_1_293' title='bbox 1538 3052 1659 3086; x_wconf 85' lang='lat' dir='ltr'><strong>ean-</strong></span> 
     </span>
     <span class='ocr_line' id='line_1_40' title="bbox 591 3112 1660 3177; baseline 0.002 -16"><span class='ocrx_word' id='word_1_294' title='bbox 591 3114 775 3162; x_wconf 85' lang='lat' dir='ltr'><strong>dentes</strong></span> <span class='ocrx_word' id='word_1_295' title='bbox 820 3114 1059 3162; x_wconf 81' lang='lat' dir='ltr'><strong>humeros</strong></span> <span class='ocrx_word' id='word_1_296' title='bbox 1098 3113 1319 3164; x_wconf 83' lang='lat' dir='ltr'><strong>amictus</strong></span> <span class='ocrx_word' id='word_1_297' title='bbox 1364 3113 1544 3177; x_wconf 80' lang='lat' dir='ltr'><strong>Augur</strong></span> <span class='ocrx_word' id='word_1_298' title='bbox 1590 3112 1660 3163; x_wconf 87' lang='lat' dir='ltr'><strong>A·</strong></span> 
     </span>
     <span class='ocr_line' id='line_1_41' title="bbox 588 3189 763 3254; baseline 0.006 -17"><span class='ocrx_word' id='word_1_299' title='bbox 588 3189 763 3254; x_wconf 64' lang='lat' dir='ltr'><strong>pollo?</strong></span> 
     </span>
    </p>

    <p class='ocr_par' dir='ltr' id='par_1_26' title="bbox 587 3264 1660 3620">
     <span class='ocr_line' id='line_1_42' title="bbox 656 3264 1658 3329; baseline 0.001 -16"><span class='ocrx_word' id='word_1_300' title='bbox 656 3268 750 3313; x_wconf 87' lang='grc'><strong>125</strong></span> <span class='ocrx_word' id='word_1_301' title='bbox 790 3264 1015 3326; x_wconf 70' lang='lat' dir='ltr'><strong>Conscia,</strong></span> <span class='ocrx_word' id='word_1_302' title='bbox 1045 3267 1127 3327; x_wconf 60' lang='lat'><strong>&amp;4:-</strong></span> <span class='ocrx_word' id='word_1_303' title='bbox 1167 3264 1431 3327; x_wconf 75' lang='lat' dir='ltr'><strong>inhorruit]</strong></span> <span class='ocrx_word' id='word_1_304' title='bbox 1476 3264 1658 3329; x_wconf 84' lang='lat' dir='ltr'><strong>Rupes</strong></span> 
     </span>
     <span class='ocr_line' id='line_1_43' title="bbox 588 3340 1659 3403; baseline -0.003 -13"><span class='ocrx_word' id='word_1_305' title='bbox 588 3348 672 3390; x_wconf 90' lang='lat' dir='ltr'><strong>ter</strong></span> <span class='ocrx_word' id='word_1_306' title='bbox 695 3340 945 3401; x_wconf 88' lang='lat' dir='ltr'><strong>resonuit,</strong></span> <span class='ocrx_word' id='word_1_307' title='bbox 968 3340 1113 3403; x_wconf 78' lang='lat' dir='ltr'><strong>quasi</strong></span> <span class='ocrx_word' id='word_1_308' title='bbox 1131 3340 1293 3389; x_wconf 85' lang='lat' dir='ltr'><strong>sciret</strong></span> <span class='ocrx_word' id='word_1_309' title='bbox 1308 3348 1363 3389; x_wconf 84' lang='lat' dir='ltr'><strong>et</strong></span> <span class='ocrx_word' id='word_1_310' title='bbox 1381 3354 1659 3403; x_wconf 85' lang='lat' dir='ltr'><strong>cognosce-</strong></span> 
     </span>
     <span class='ocr_line' id='line_1_44' title="bbox 590 3416 1660 3479; baseline -0.001 -15"><span class='ocrx_word' id='word_1_311' title='bbox 590 3423 674 3465; x_wconf 89' lang='lat' dir='ltr'><strong>ret</strong></span> <span class='ocrx_word' id='word_1_312' title='bbox 706 3416 983 3470; x_wconf 85' lang='lat' dir='ltr'><strong>adventum</strong></span> <span class='ocrx_word' id='word_1_313' title='bbox 1025 3416 1242 3477; x_wconf 83' lang='lat' dir='ltr'><strong>Romae;</strong></span> <span class='ocrx_word' id='word_1_314' title='bbox 1298 3423 1355 3467; x_wconf 89' lang='lat' dir='ltr'><strong>et</strong></span> <span class='ocrx_word' id='word_1_315' title='bbox 1398 3416 1544 3479; x_wconf 79' lang='lat' dir='ltr'><strong>sylva</strong></span> <span class='ocrx_word' id='word_1_316' title='bbox 1586 3416 1660 3463; x_wconf 86' lang='lat' dir='ltr'><strong>in-</strong></span> 
     </span>
     <span class='ocr_line' id='line_1_45' title="bbox 587 3492 1659 3555; baseline 0.001 -15"><span class='ocrx_word' id='word_1_317' title='bbox 587 3493 804 3555; x_wconf 82' lang='lat' dir='ltr'><strong>horruit,</strong></span> <span class='ocrx_word' id='word_1_318' title='bbox 822 3507 884 3542; x_wconf 86' lang='lat' dir='ltr'><strong>ac</strong></span> <span class='ocrx_word' id='word_1_319' title='bbox 918 3493 1149 3542; x_wconf 87' lang='lat' dir='ltr'><strong>reverita</strong></span> <span class='ocrx_word' id='word_1_320' title='bbox 1171 3498 1253 3543; x_wconf 88' lang='lat' dir='ltr'><strong>est</strong></span> <span class='ocrx_word' id='word_1_321' title='bbox 1275 3493 1409 3542; x_wconf 83' lang='lat' dir='ltr'><strong>tanti</strong></span> <span class='ocrx_word' id='word_1_322' title='bbox 1432 3492 1659 3542; x_wconf 84' lang='lat' dir='ltr'><strong>numinis</strong></span> 
     </span>
     <span class='ocr_line' id='line_1_46' title="bbox 588 3584 873 3620; baseline -0.004 -1"><span class='ocrx_word' id='word_1_323' title='bbox 588 3584 873 3620; x_wconf 83' lang='lat' dir='ltr'><strong>accessum.</strong></span> 
     </span>
    </p>

    <p class='ocr_par' dir='ltr' id='par_1_27' title="bbox 585 3641 1656 4073">
     <span class='ocr_line' id='line_1_47' title="bbox 651 3641 1656 3707; baseline -0.003 -13"><span class='ocrx_word' id='word_1_324' title='bbox 651 3650 748 3694; x_wconf 84' lang='lat'><strong>128</strong></span> <span class='ocrx_word' id='word_1_325' title='bbox 785 3644 1111 3707; x_wconf 79' lang='lat' dir='ltr'><strong>Circumfusa]</strong></span> <span class='ocrx_word' id='word_1_326' title='bbox 1139 3644 1261 3694; x_wconf 90' lang='lat' dir='ltr'><strong>Hoc</strong></span> <span class='ocrx_word' id='word_1_327' title='bbox 1296 3658 1363 3691; x_wconf 89' lang='lat' dir='ltr'><strong>ex</strong></span> <span class='ocrx_word' id='word_1_328' title='bbox 1394 3641 1531 3691; x_wconf 85' lang='lat' dir='ltr'><strong>fastu</strong></span> <span class='ocrx_word' id='word_1_329' title='bbox 1554 3644 1656 3691; x_wconf 90' lang='lat' dir='ltr'><strong>Ro·</strong></span> 
     </span>
     <span class='ocr_line' id='line_1_48' title="bbox 588 3716 1656 3783; baseline -0.003 -14"><span class='ocrx_word' id='word_1_330' title='bbox 588 3734 873 3779; x_wconf 83' lang='lat' dir='ltr'><strong>manorum,</strong></span> <span class='ocrx_word' id='word_1_331' title='bbox 918 3720 1007 3783; x_wconf 89' lang='lat' dir='ltr'><strong>qui</strong></span> <span class='ocrx_word' id='word_1_332' title='bbox 1045 3725 1337 3770; x_wconf 85' lang='lat' dir='ltr'><strong>consortem</strong></span> <span class='ocrx_word' id='word_1_333' title='bbox 1384 3718 1504 3771; x_wconf 82' lang='lat' dir='ltr'><strong>Jovi</strong></span> <span class='ocrx_word' id='word_1_334' title='bbox 1550 3716 1656 3767; x_wconf 89' lang='lat' dir='ltr'><strong>Ro-</strong></span> 
     </span>
     <span class='ocr_line' id='line_1_49' title="bbox 585 3792 1656 3859; baseline -0.004 -14"><span class='ocrx_word' id='word_1_335' title='bbox 585 3810 719 3845; x_wconf 88' lang='lat' dir='ltr'><strong>mam</strong></span> <span class='ocrx_word' id='word_1_336' title='bbox 762 3792 1029 3844; x_wconf 79' lang='lat' dir='ltr'><strong>faciebant</strong></span> <span class='ocrx_word' id='word_1_337' title='bbox 1076 3795 1139 3843; x_wconf 85' lang='lat' dir='ltr'><strong>ad</strong></span> <span class='ocrx_word' id='word_1_338' title='bbox 1188 3792 1469 3859; x_wconf 86' lang='lat' dir='ltr'><strong>regendum</strong></span> <span class='ocrx_word' id='word_1_339' title='bbox 1512 3808 1656 3843; x_wconf 86' lang='lat' dir='ltr'><strong>mun-</strong></span> 
     </span>
     <span class='ocr_line' id='line_1_50' title="bbox 586 3870 1656 3935; baseline -0.003 -16"><span class='ocrx_word' id='word_1_340' title='bbox 586 3870 740 3932; x_wconf 79' lang='lat' dir='ltr'><strong>dum3</strong></span> <span class='ocrx_word' id='word_1_341' title='bbox 777 3878 831 3918; x_wconf 81' lang='lat' dir='ltr'><strong>et</strong></span> <span class='ocrx_word' id='word_1_342' title='bbox 870 3872 985 3919; x_wconf 84' lang='lat' dir='ltr'><strong>ideo</strong></span> <span class='ocrx_word' id='word_1_343' title='bbox 1008 3871 1342 3934; x_wconf 86' lang='lat' dir='ltr'><strong>conjunctum</strong></span> <span class='ocrx_word' id='word_1_344' title='bbox 1360 3884 1484 3935; x_wconf 34' lang='lat' dir='ltr'><strong>‘cum</strong></span> <span class='ocrx_word' id='word_1_345' title='bbox 1506 3870 1656 3920; x_wconf 83' lang='lat' dir='ltr'><strong>Jovis</strong></span> 
     </span>
     <span class='ocr_line' id='line_1_51' title="bbox 588 3946 1656 4011; baseline -0.003 -14"><span class='ocrx_word' id='word_1_346' title='bbox 588 3948 784 4011; x_wconf 82' lang='lat' dir='ltr'><strong>templo</strong></span> <span class='ocrx_word' id='word_1_347' title='bbox 826 3949 1076 4011; x_wconf 85' lang='lat' dir='ltr'><strong>templum</strong></span> <span class='ocrx_word' id='word_1_348' title='bbox 1119 3948 1287 3996; x_wconf 87' lang='lat' dir='ltr'><strong>Roma</strong></span> <span class='ocrx_word' id='word_1_349' title='bbox 1328 3946 1551 3995; x_wconf 83' lang='lat' dir='ltr'><strong>habebat</strong></span> <span class='ocrx_word' id='word_1_350' title='bbox 1603 3947 1656 3995; x_wconf 89' lang='lat' dir='ltr'><strong>in</strong></span> 
     </span>
     <span class='ocr_line' id='line_1_52' title="bbox 586 4023 1052 4073; baseline -0.004 0"><span class='ocrx_word' id='word_1_351' title='bbox 586 4030 761 4073; x_wconf 85' lang='lat' dir='ltr'><strong>monte</strong></span> <span class='ocrx_word' id='word_1_352' title='bbox 788 4023 1052 4071; x_wconf 81' lang='lat' dir='ltr'><strong>Palatino.</strong></span> 
     </span>
    </p>

    <p class='ocr_par' dir='ltr' id='par_1_28' title="bbox 584 4098 1656 4317">
     <span class='ocr_line' id='line_1_53' title="bbox 654 4098 1651 4163; baseline 0.003 -16"><span class='ocrx_word' id='word_1_353' title='bbox 654 4102 749 4149; x_wconf 72' lang='lat'><strong>13⁰</strong></span> <span class='ocrx_word' id='word_1_354' title='bbox 786 4101 1051 4163; x_wconf 76' lang='lat' dir='ltr'><strong>Coelumque</strong></span> <span class='ocrx_word' id='word_1_355' title='bbox 1087 4098 1240 4162; x_wconf 77' lang='lat' dir='ltr'><strong>tuum]</strong></span> <span class='ocrx_word' id='word_1_356' title='bbox 1268 4098 1338 4157; x_wconf 29' lang='lat' dir='ltr'><strong>‘Id</strong></span> <span class='ocrx_word' id='word_1_357' title='bbox 1370 4105 1470 4161; x_wconf 86' lang='lat' dir='ltr'><strong>est,</strong></span> <span class='ocrx_word' id='word_1_358' title='bbox 1508 4106 1651 4150; x_wconf 84' lang='lat' dir='ltr'><strong>tuum</strong></span> 
     </span>
     <span class='ocr_line' id='line_1_54' title="bbox 588 4174 1653 4237; baseline 0.001 -15"><span class='ocrx_word' id='word_1_359' title='bbox 588 4174 855 4236; x_wconf 87' lang='lat' dir='ltr'><strong>templum,</strong></span> <span class='ocrx_word' id='word_1_360' title='bbox 899 4175 953 4221; x_wconf 89' lang='lat' dir='ltr'><strong>iu</strong></span> <span class='ocrx_word' id='word_1_361' title='bbox 994 4189 1096 4237; x_wconf 90' lang='lat' dir='ltr'><strong>quo</strong></span> <span class='ocrx_word' id='word_1_362' title='bbox 1137 4180 1194 4223; x_wconf 86' lang='lat' dir='ltr'><strong>ut</strong></span> <span class='ocrx_word' id='word_1_363' title='bbox 1227 4188 1417 4223; x_wconf 86' lang='lat' dir='ltr'><strong>numen</strong></span> <span class='ocrx_word' id='word_1_364' title='bbox 1440 4176 1653 4224; x_wconf 85' lang='lat' dir='ltr'><strong>coeleste</strong></span> 
     </span>
     <span class='ocr_line' id='line_1_55' title="bbox 584 4243 1656 4317; baseline 0.001 -17"><span class='ocrx_word' id='word_1_365' title='bbox 584 4249 821 4301; x_wconf 74' lang='lat' dir='ltr'><strong>habitas:</strong></span> <span class='ocrx_word' id='word_1_366' title='bbox 860 4250 942 4299; x_wconf 83' lang='lat' dir='ltr'><strong>vel</strong></span> <span class='ocrx_word' id='word_1_367' title='bbox 961 4257 1106 4300; x_wconf 86' lang='lat' dir='ltr'><strong>tuam</strong></span> <span class='ocrx_word' id='word_1_368' title='bbox 1129 4250 1328 4314; x_wconf 83' lang='lat' dir='ltr'><strong>urbem,</strong></span> <span class='ocrx_word' id='word_1_369' title='bbox 1348 4243 1416 4301; x_wconf 79' lang='lat' dir='ltr'><strong>ex&#39;</strong></span> <span class='ocrx_word' id='word_1_370' title='bbox 1443 4266 1547 4317; x_wconf 88' lang='lat' dir='ltr'><strong>qua</strong></span> <span class='ocrx_word' id='word_1_371' title='bbox 1570 4266 1656 4301; x_wconf 86' lang='lat' dir='ltr'><strong>ve·</strong></span> 
     </span>
    </p>
   </div>
   <div class='ocr_carea' id='block_1_25' title="bbox 1740 2963 2813 3175">
    <p class='ocr_par' dir='ltr' id='par_1_29' title="bbox 1740 2963 2813 3175">
     <span class='ocr_line' id='line_1_56' title="bbox 1741 2963 2746 3027; baseline 0.002 -16"><span class='ocrx_word' id='word_1_372' title='bbox 1741 2963 1822 3011; x_wconf 84' lang='lat' dir='ltr'><strong>lut</strong></span> <span class='ocrx_word' id='word_1_373' title='bbox 1844 2978 1911 3011; x_wconf 81' lang='lat' dir='ltr'><strong>ex</strong></span> <span class='ocrx_word' id='word_1_374' title='bbox 1934 2964 2088 3025; x_wconf 86' lang='lat' dir='ltr'><strong>coelo,</strong></span> <span class='ocrx_word' id='word_1_375' title='bbox 2112 2964 2246 3027; x_wconf 76' lang='lat' dir='ltr'><strong>regis</strong></span> <span class='ocrx_word' id='word_1_376' title='bbox 2268 2963 2448 3013; x_wconf 89' lang='lat' dir='ltr'><strong>orbem</strong></span> <span class='ocrx_word' id='word_1_377' title='bbox 2469 2968 2746 3025; x_wconf 85' lang='lat' dir='ltr'><strong>terrarum.</strong></span> 
     </span>
     <span class='ocr_line' id='line_1_57' title="bbox 1807 3036 2813 3101; baseline -0.001 -14"><span class='ocrx_word' id='word_1_378' title='bbox 1807 3041 1899 3089; x_wconf 77' lang='lat'><strong>131</strong></span> <span class='ocrx_word' id='word_1_379' title='bbox 1941 3036 2157 3101; x_wconf 80' lang='lat' dir='ltr'><strong>Libycos]</strong></span> <span class='ocrx_word' id='word_1_380' title='bbox 2193 3038 2365 3101; x_wconf 83' lang='lat' dir='ltr'><strong>Libya</strong></span> <span class='ocrx_word' id='word_1_381' title='bbox 2398 3042 2479 3086; x_wconf 87' lang='lat' dir='ltr'><strong>est</strong></span> <span class='ocrx_word' id='word_1_382' title='bbox 2506 3038 2650 3101; x_wconf 86' lang='lat' dir='ltr'><strong>regio</strong></span> <span class='ocrx_word' id='word_1_383' title='bbox 2673 3036 2813 3087; x_wconf 82' lang='lat' dir='ltr'><strong>Afri·</strong></span> 
     </span>
     <span class='ocr_line' id='line_1_58' title="bbox 1740 3110 2611 3175; baseline 0 -14"><span class='ocrx_word' id='word_1_384' title='bbox 1740 3126 1838 3175; x_wconf 81' lang='lat' dir='ltr'><strong>cae,</strong></span> <span class='ocrx_word' id='word_1_385' title='bbox 1863 3114 2097 3161; x_wconf 84' lang='lat' dir='ltr'><strong>maximis</strong></span> <span class='ocrx_word' id='word_1_386' title='bbox 2122 3113 2382 3163; x_wconf 86' lang='lat' dir='ltr'><strong>caloribus</strong></span> <span class='ocrx_word' id='word_1_387' title='bbox 2408 3110 2611 3161; x_wconf 83' lang='lat' dir='ltr'><strong>adusta.</strong></span> 
     </span>
    </p>
   </div>
   <div class='ocr_carea' id='block_1_26' title="bbox 1807 3184 2888 3251">
    <p class='ocr_par' dir='ltr' id='par_1_30' title="bbox 1807 3184 2888 3251">
     <span class='ocr_line' id='line_1_59' title="bbox 1807 3184 2888 3251; baseline -0.002 -14"><span class='ocrx_word' id='word_1_388' title='bbox 1807 3192 1902 3237; x_wconf 81' lang='grc'><strong>132</strong></span> <span class='ocrx_word' id='word_1_389' title='bbox 1937 3188 2252 3251; x_wconf 75' lang='lat' dir='ltr'><strong>Sarmaticos]</strong></span> <span class='ocrx_word' id='word_1_390' title='bbox 2269 3188 2542 3237; x_wconf 78' lang='lat' dir='ltr'><strong>Sarmatia</strong></span> <span class='ocrx_word' id='word_1_391' title='bbox 2564 3194 2644 3237; x_wconf 78' lang='lat' dir='ltr'><strong>est</strong></span> <span class='ocrx_word' id='word_1_392' title='bbox 2665 3184 2808 3249; x_wconf 87' lang='lat' dir='ltr'><strong>regio</strong></span> <span class='ocrx_word' id='word_1_393' title='bbox 2880 3227 2888 3235; x_wconf 68' lang='lat'><em>„</em></span> 
     </span>
    </p>
   </div>
   <div class='ocr_carea' id='block_1_27' title="bbox 1735 3260 2809 4317">
    <p class='ocr_par' dir='ltr' id='par_1_31' title="bbox 1740 3260 2809 3404">
     <span class='ocr_line' id='line_1_60' title="bbox 1741 3260 2809 3329; baseline -0.005 -15"><span class='ocrx_word' id='word_1_394' title='bbox 1741 3263 2094 3329; x_wconf 77' lang='lat' dir='ltr'><strong>frigidissima,</strong></span> <span class='ocrx_word' id='word_1_395' title='bbox 2133 3278 2298 3329; x_wconf 87' lang='lat' dir='ltr'><strong>eaque</strong></span> <span class='ocrx_word' id='word_1_396' title='bbox 2343 3263 2533 3327; x_wconf 78' lang='lat' dir='ltr'><strong>partim</strong></span> <span class='ocrx_word' id='word_1_397' title='bbox 2571 3263 2624 3311; x_wconf 89' lang='lat' dir='ltr'><strong>iu</strong></span> <span class='ocrx_word' id='word_1_398' title='bbox 2663 3260 2809 3325; x_wconf 80' lang='lat' dir='ltr'><strong>Asia,</strong></span> 
     </span>
     <span class='ocr_line' id='line_1_61' title="bbox 1740 3342 2260 3404; baseline -0.002 -15"><span class='ocrx_word' id='word_1_399' title='bbox 1740 3342 1932 3404; x_wconf 87' lang='lat' dir='ltr'><strong>partim</strong></span> <span class='ocrx_word' id='word_1_400' title='bbox 1956 3342 2008 3390; x_wconf 88' lang='lat' dir='ltr'><strong>in</strong></span> <span class='ocrx_word' id='word_1_401' title='bbox 2031 3342 2260 3403; x_wconf 85' lang='lat' dir='ltr'><strong>Europa.</strong></span> 
     </span>
    </p>

    <p class='ocr_par' dir='ltr' id='par_1_32' title="bbox 1738 3415 2806 3616">
     <span class='ocr_line' id='line_1_62' title="bbox 1807 3415 2806 3479; baseline -0.004 -14"><span class='ocrx_word' id='word_1_402' title='bbox 1807 3416 1979 3479; x_wconf 80' lang='lat' dir='ltr'><strong>Coros]</strong></span> <span class='ocrx_word' id='word_1_403' title='bbox 2015 3418 2178 3465; x_wconf 81' lang='lat' dir='ltr'><strong>Corus</strong></span> <span class='ocrx_word' id='word_1_404' title='bbox 2218 3415 2330 3464; x_wconf 82' lang='lat' dir='ltr'><strong>sive</strong></span> <span class='ocrx_word' id='word_1_405' title='bbox 2364 3415 2581 3475; x_wconf 85' lang='lat' dir='ltr'><strong>Caurus,</strong></span> <span class='ocrx_word' id='word_1_406' title='bbox 2603 3426 2806 3477; x_wconf 81' lang='lat' dir='ltr'><strong>semper</strong></span> 
     </span>
     <span class='ocr_line' id='line_1_63' title="bbox 1738 3488 2806 3555; baseline -0.002 -16"><span class='ocrx_word' id='word_1_407' title='bbox 1738 3491 1942 3554; x_wconf 83' lang='lat' dir='ltr'><strong>spirans</strong></span> <span class='ocrx_word' id='word_1_408' title='bbox 1963 3490 2176 3555; x_wconf 80' lang='lat' dir='ltr'><strong>frigora,</strong></span> <span class='ocrx_word' id='word_1_409' title='bbox 2195 3488 2293 3539; x_wconf 85' lang='lat' dir='ltr'><strong>flat</strong></span> <span class='ocrx_word' id='word_1_410' title='bbox 2325 3491 2390 3540; x_wconf 90' lang='lat' dir='ltr'><strong>ab</strong></span> <span class='ocrx_word' id='word_1_411' title='bbox 2425 3504 2610 3539; x_wconf 85' lang='lat' dir='ltr'><strong>occasu</strong></span> <span class='ocrx_word' id='word_1_412' title='bbox 2633 3490 2806 3539; x_wconf 83' lang='lat' dir='ltr'><strong>solsti-</strong></span> 
     </span>
     <span class='ocr_line' id='line_1_64' title="bbox 1739 3566 1872 3616; baseline 0.008 -1"><span class='ocrx_word' id='word_1_413' title='bbox 1739 3566 1872 3616; x_wconf 81' lang='lat' dir='ltr'><strong>tiali.</strong></span> 
     </span>
    </p>

    <p class='ocr_par' dir='ltr' id='par_1_33' title="bbox 1735 3639 2807 4009">
     <span class='ocr_line' id='line_1_65' title="bbox 1804 3639 2807 3705; baseline -0.002 -14"><span class='ocrx_word' id='word_1_414' title='bbox 1804 3646 1896 3693; x_wconf 77' lang='lat'><strong>135</strong></span> <span class='ocrx_word' id='word_1_415' title='bbox 1949 3640 2193 3705; x_wconf 66' lang='lat' dir='ltr'><strong>Somnio]</strong></span> <span class='ocrx_word' id='word_1_416' title='bbox 2269 3640 2562 3691; x_wconf 78' lang='lat' dir='ltr'><strong>Solstitium</strong></span> <span class='ocrx_word' id='word_1_417' title='bbox 2614 3639 2807 3691; x_wconf 74' lang='lat' dir='ltr'><strong>dicitur</strong></span> 
     </span>
     <span class='ocr_line' id='line_1_66' title="bbox 1737 3716 2805 3784; baseline 0 -16"><span class='ocrx_word' id='word_1_418' title='bbox 1737 3720 1883 3784; x_wconf 84' lang='lat' dir='ltr'><strong>quasi</strong></span> <span class='ocrx_word' id='word_1_419' title='bbox 1909 3718 2040 3768; x_wconf 86' lang='lat' dir='ltr'><strong>Solis</strong></span> <span class='ocrx_word' id='word_1_420' title='bbox 2078 3718 2253 3779; x_wconf 74' lang='lat' dir='ltr'><strong>statio,</strong></span> <span class='ocrx_word' id='word_1_421' title='bbox 2286 3716 2423 3782; x_wconf 82' lang='lat' dir='ltr'><strong>quod</strong></span> <span class='ocrx_word' id='word_1_422' title='bbox 2457 3717 2548 3766; x_wconf 87' lang='lat' dir='ltr'><strong>sol</strong></span> <span class='ocrx_word' id='word_1_423' title='bbox 2582 3730 2685 3765; x_wconf 88' lang='lat' dir='ltr'><strong>non</strong></span> <span class='ocrx_word' id='word_1_424' title='bbox 2718 3730 2805 3768; x_wconf 80' lang='lat' dir='ltr'><strong>ac·</strong></span> 
     </span>
     <span class='ocr_line' id='line_1_67' title="bbox 1739 3793 2804 3860; baseline 0 -16"><span class='ocrx_word' id='word_1_425' title='bbox 1739 3795 1896 3844; x_wconf 86' lang='lat' dir='ltr'><strong>cedat</strong></span> <span class='ocrx_word' id='word_1_426' title='bbox 1929 3795 1994 3844; x_wconf 82' lang='lat' dir='ltr'><strong>ad</strong></span> <span class='ocrx_word' id='word_1_427' title='bbox 2033 3810 2126 3844; x_wconf 82' lang='lat' dir='ltr'><strong>nos</strong></span> <span class='ocrx_word' id='word_1_428' title='bbox 2165 3795 2417 3859; x_wconf 80' lang='lat' dir='ltr'><strong>amplius;</strong></span> <span class='ocrx_word' id='word_1_429' title='bbox 2462 3793 2515 3842; x_wconf 83' lang='lat' dir='ltr'><strong>id</strong></span> <span class='ocrx_word' id='word_1_430' title='bbox 2552 3795 2689 3860; x_wconf 90' lang='lat' dir='ltr'><strong>quod</strong></span> <span class='ocrx_word' id='word_1_431' title='bbox 2721 3793 2804 3857; x_wconf 79' lang='lat' dir='ltr'><strong>fit,</strong></span> 
     </span>
     <span class='ocr_line' id='line_1_68' title="bbox 1735 3868 2803 3935; baseline 0.001 -16"><span class='ocrx_word' id='word_1_432' title='bbox 1735 3870 1824 3919; x_wconf 89' lang='lat' dir='ltr'><strong>ubi</strong></span> <span class='ocrx_word' id='word_1_433' title='bbox 1847 3870 2027 3935; x_wconf 83' lang='lat' dir='ltr'><strong>attigit</strong></span> <span class='ocrx_word' id='word_1_434' title='bbox 2046 3871 2334 3934; x_wconf 88' lang='lat' dir='ltr'><strong>Tropicum</strong></span> <span class='ocrx_word' id='word_1_435' title='bbox 2356 3868 2564 3932; x_wconf 80' lang='lat' dir='ltr'><strong>Cancri,</strong></span> <span class='ocrx_word' id='word_1_436' title='bbox 2589 3875 2645 3919; x_wconf 90' lang='lat' dir='ltr'><strong>et</strong></span> <span class='ocrx_word' id='word_1_437' title='bbox 2676 3876 2803 3922; x_wconf 80' lang='lat' dir='ltr'><strong>tuuc</strong></span> 
     </span>
     <span class='ocr_line' id='line_1_69' title="bbox 1736 3938 2786 4009; baseline 0.002 -15"><span class='ocrx_word' id='word_1_438' title='bbox 1736 3953 1818 3995; x_wconf 85' lang='lat' dir='ltr'><strong>est</strong></span> <span class='ocrx_word' id='word_1_439' title='bbox 1841 3947 1949 3995; x_wconf 85' lang='lat' dir='ltr'><strong>dies</strong></span> <span class='ocrx_word' id='word_1_440' title='bbox 1966 3947 2086 3995; x_wconf 83' lang='lat' dir='ltr'><strong>anui</strong></span> <span class='ocrx_word' id='word_1_441' title='bbox 2109 3945 2456 4009; x_wconf 55' lang='lat' dir='ltr'><strong>longissimus</strong></span> <span class='ocrx_word' id='word_1_442' title='bbox 2779 3938 2786 3945; x_wconf 82' lang='grc'>’</span> 
     </span>
    </p>

    <p class='ocr_par' dir='ltr' id='par_1_34' title="bbox 1735 4022 2806 4225">
     <span class='ocr_line' id='line_1_70' title="bbox 1802 4022 2806 4087; baseline -0.001 -15"><span class='ocrx_word' id='word_1_443' title='bbox 1802 4022 2021 4087; x_wconf 82' lang='lat' dir='ltr'><strong>Mero&#39;e‘n]</strong></span> <span class='ocrx_word' id='word_1_444' title='bbox 2077 4022 2282 4085; x_wconf 65' lang='lat' dir='ltr'><strong>Meroe,</strong></span> <span class='ocrx_word' id='word_1_445' title='bbox 2326 4024 2481 4086; x_wconf 86' lang='lat' dir='ltr'><strong>vulgo</strong></span> <span class='ocrx_word' id='word_1_446' title='bbox 2535 4022 2806 4085; x_wconf 62' lang='lat' dir='ltr'><strong>(integ-uere,</strong></span> 
     </span>
     <span class='ocr_line' id='line_1_71' title="bbox 1735 4086 2801 4165; baseline 0.002 -18"><span class='ocrx_word' id='word_1_447' title='bbox 1735 4106 1816 4147; x_wconf 88' lang='lat' dir='ltr'><strong>est</strong></span> <span class='ocrx_word' id='word_1_448' title='bbox 1844 4100 2017 4149; x_wconf 85' lang='lat' dir='ltr'><strong>Insula</strong></span> <span class='ocrx_word' id='word_1_449' title='bbox 2050 4114 2199 4165; x_wconf 87' lang='lat' dir='ltr'><strong>quam</strong></span> <span class='ocrx_word' id='word_1_450' title='bbox 2231 4098 2360 4149; x_wconf 80' lang='lat' dir='ltr'><strong>facit</strong></span> <span class='ocrx_word' id='word_1_451' title='bbox 2387 4099 2558 4165; x_wconf 82' lang='lat' dir='ltr'><strong>Nilus,</strong></span> <span class='ocrx_word' id='word_1_452' title='bbox 2582 4106 2638 4149; x_wconf 89' lang='lat' dir='ltr'><strong>et</strong></span> <span class='ocrx_word' id='word_1_453' title='bbox 2660 4086 2801 4149; x_wconf 69' lang='lat' dir='ltr'><strong>max‘·</strong></span> 
     </span>
     <span class='ocr_line' id='line_1_72' title="bbox 1735 4164 2788 4225; baseline 0.001 -2"><span class='ocrx_word' id='word_1_454' title='bbox 1735 4174 1851 4224; x_wconf 88' lang='lat' dir='ltr'><strong>imis</strong></span> <span class='ocrx_word' id='word_1_455' title='bbox 1874 4182 1956 4225; x_wconf 83' lang='lat' dir='ltr'><strong>est</strong></span> <span class='ocrx_word' id='word_1_456' title='bbox 1978 4175 2202 4225; x_wconf 87' lang='lat' dir='ltr'><strong>obnoxia</strong></span> <span class='ocrx_word' id='word_1_457' title='bbox 2221 4175 2497 4225; x_wconf 81' lang='lat' dir='ltr'><strong>caloribus.</strong></span> <span class='ocrx_word' id='word_1_458' title='bbox 2777 4164 2788 4189; x_wconf 82' lang='lat'><em>&#39;</em></span> 
     </span>
    </p>

    <p class='ocr_par' dir='ltr' id='par_1_35' title="bbox 1799 4239 2804 4317">
     <span class='ocr_line' id='line_1_73' title="bbox 1799 4239 2804 4317; baseline -0.002 -14"><span class='ocrx_word' id='word_1_459' title='bbox 1799 4251 2172 4315; x_wconf 75' lang='lat' dir='ltr'><strong>Bruma]·Dies</strong></span> <span class='ocrx_word' id='word_1_460' title='bbox 2191 4258 2275 4302; x_wconf 83' lang='lat' dir='ltr'><strong>est</strong></span> <span class='ocrx_word' id='word_1_461' title='bbox 2298 4252 2418 4303; x_wconf 78' lang='lat' dir='ltr'><strong>anni</strong></span> <span class='ocrx_word' id='word_1_462' title='bbox 2445 4239 2804 4317; x_wconf 58' lang='lat' dir='ltr'><strong>brevissimus,</strong></span> 
     </span>
    </p>
   </div>
  </div>
 </body>
</html>
