3184 4967
666 361 807 432 446

685 523 863 588 Leuc
892 517 1037 587 fluit
1066 519 1293 598 Nilus,
1328 520 1443 586 sed
1472 515 1728 584 cuuctis
1755 521 2056 586 amnibus
2083 527 2276 586 extat

681 621 944 702 Utilior,
972 624 1151 686 nullo
1180 622 1525 688 confessus
1554 640 1892 690 murmure,
1910 622 2110 687 vireS.

654 724 917 812 ‘Aerior
946 744 1025 787 ac
1056 723 1327 806 rapidus
1356 723 1596 786 tac-itas
1627 728 2048 803 praetermeat
2077 723 2308 804 ingens
2393 764 2400 770 -

680 825 1033 890 Danubius
1064 825 1273 906 ripas»,
1303 823 1534 886 eadem
1566 824 1912 886 clementia
1941 823 2090 886 sani

678 927 973 1008 Gurgitis
1000 929 1387 990 immensum
1418 925 1688 988 deducit
1717 923 1786 986 in
1815 925 1991 988 ostia
2019 922 2321 1006 Gangen.

1354 376 1472 428 ct...
1520 375 1946 426 Quamnam
1995 375 2186 426 RVH·
2218 415 2238 426 ,

2741 823 2882 891 235

676 1119 861 1168 divitiis
879 1118 1131 1166 homiuum.
1198 1117 1465 1180 Nilusfluit
1488 1115 1674 1177 leniter,
1689 1119 1771 1164 ned
1793 1115 2165 1174 estsructuosior
2182 1116 2702 1181 omnibusjlnminibus,
2721 1124 2882 1168 osten·

676 1183 789 1230 dena
811 1182 1033 1231 virtutem
1054 1183 1176 1229 nullo
1200 1180 1419 1240 fremitu.
1474 1181 1600 1228 Ister
1621 1195 1816 1240 nug-nus
1836 1182 2084 1228 violentior
2105 1185 2152 1228 et
2167 1195 2376 1243 preceps
2393 1184 2678 1246 praetevfluit
2701 1189 2881 1231 tame-n

676 1245 822 1296 tacite
852 1247 988 1294 littus
1020 1259 1182 1295 suum.
1247 1245 1445 1294 lenitas
1478 1244 1650 1292 similis
1686 1247 1806 1294 alvei
1835 1245 2011 1307 placidi
2047 1243 2201 1303 desert
2243 1245 2445 1306 Gangen
2481 1251 2663 1296 vastum
2703 1248 2754 1296 in
2795 1262 2883 1296 om

1596 1386 1916 1406 00000000090
1923 1387 1950 1404 Ο

662 1487 836 1546 fructu
859 1501 951 1550 pro
982 1504 1119 1538 ceusu
1150 1487 1273 1538 Vat.
1314 1502 1418 1538 sec.
1457 1503 1525 1538 m.
1564 1491 1809 1552 pr.—232
1843 1489 1970 1536 Leue
1991 1487 2114 1550 fluit
2151 1486 2291 1535 Nilus
2329 1486 2526 1535 Lucan.
2568 1485 2655 1534 lib.
2686 1499 2736 1535 x.
2759 1489 2884 1536 315.

662 1551 1045 1602 ·Ammian.1i·³.
1072 1565 1217 1602 xxn.
1240 1553 1463 1616 copiose.
1506 1567 1555 1614 p.
1592 1555 1705 1601 24⁷.
1745 1552 1828 1600 ed.
1869 1551 2217 1612 Lindenbrog.
2271 1551 2450 1598 ciendis
2492 1551 2574 1597 sed
2613 1548 2885 1602 amantibus

680 1614 802 1664 Vat.
828 1631 904 1678 pr.
960 1618 1058 1664 exit
1077 1619 1269 1664 Mazar.
1293 1617 1411 1665 Jun.
1436 1619 1672 1678 pru—233
1705 1617 1828 1663 nullo
1851 1617 1973 1665 Vat.
2001 1630 2078 1678 pr.
2104 1613 2226 1663 ΑΜ.
2280 1615 2404 1662 nullo
2429 1615 2510 1660 vel
2544 1615 2694 1661 nullas
2726 1613 2881 1664 Med.

682 1689 850 1744 quart.
880 1681 1115 1737 consectus
1134 1682 1259 1729 Var.
1282 1681 1383 1728 LL.
1407 1681 1490 1728 ed.
1517 1677 1675 1728 Autv.
1731 1679 1892 1727 robore
1934 1678 2111 1728 Ambr.
2141 1693 2216 1740 pr.
2241 1677 2366 1725 Exc.
2390 1677 2588 1726 Schott.
2643 1691 2888 1726 murmure

680 1744 764 1792 vel
785 1745 944 1791 robore
970 1746 1158 1792 Moret.
1184 1759 1285 1792 sec.
1319 1743 1447 1806 ripas
1466 1745 1587 1791 Vat.
1611 1750 1775 1806 quart.
1811 1758 1940 1792 voces
1961 1745 2082 1792 Vat.
2107 1748 2228 1790 tert.
2252 1757 2318 1790 m.
2345 1756 2445 1788 sec.
2498 1755 2629 1788 voces
2653 1742 2729 1787 vel
2749 1743 2886 1790 vireo

681 1807 871 1855 Moret.
896 1812 1135 1870 pr.—234
1171 1823 1225 1854 ac
1256 1807 1373 1854 Vat.
1400 1821 1475 1868 pr.
1509 1807 1651 1856 Med.
1688 1814 1814 1855 tert.
1851 1807 1973 1856 Put.
2009 1807 2196 1855 Petav.
2235 1820 2312 1868 pr.
2349 1805 2471 1852 Lov.
2514 1805 2630 1852 Par.
2663 1805 2884 1855 'tholos-

680 1869 873 1919 Moret.
900 1885 976 1932 pr.
1001 1869 1177 1918 Ambr.
1203 1877 1324 1919 tert.
1351 1871 1467 1918 Vat.
1506 1871 1818 1920 Livia-Var.
1856 1870 1961 1921 LL.
1999 1886 2030 1918 e
2070 1885 2230 1932 marg.
2279 1869 2443 1916 Parm.
2493 1873 2545 1916 at
2583 1874 2688 1915 tres
2728 1869 2886 1918 vatt.

681 1934 833 1982 Farn.
858 1935 1000 1983 Rott.
1056 1943 1101 1982 et
1126 1935 1239 1982 Vat.
1264 1948 1365 1982 sec.
1391 1934 1513 1984 Jun.
1540 1949 1618 1998 pr.
1651 1934 1798 1984 Leid.
1825 1935 2048 1996 pr..item
2075 1935 2242 1982 Oxon.
2265 1934 2378 1980 Pal.
2407 1934 2536 1994 Reg.
2573 1933 2772 1981 Mazar.
2831 1938 2888 1980 ut

682 1995 863 2046 Ambr.
888 2012 967 2060 pr.
1000 2004 1079 2045 aut
1104 1999 1293 2046 Moret.
1317 2013 1423 2046 sec.
1452 2004 1505 2046 at
1529 1999 1608 2046 vel
1632 2013 1686 2048 ac
1709 1999 1810 2046 ine.
1841 1999 2018 2048 Heius·
2059 2003 2141 2046 aut
2161 1998 2240 2044 vel
2263 2002 2308 2045 et
2331 1998 2558 2047 Floreat.
2607 1998 2668 2042 ad
2688 1997 2890 2058 rapidae

680 2061 812 2110 Exc.
839 2063 1055 2110 Luceus.
1080 2077 1181 2111 sec.
1214 2067 1371 2110 tantas
1396 2055 1535 2111 Med.
1564 2070 1684 2111 tert.
1725 2063 1894 2110 tacitas
1915 2063 2037 2110 Vat.
2063 2077 2141 2124 pr.
2169 2058 2322 2110 Farn.
2345 2061 2546 2108 Bouon.
2569 2059 2690 2107 Vat.
2714 2059 2889 2108 Liviu.

682 2129 833 2174 tactas
855 2126 1000 2174 Leid.
1025 2141 1099 2188 pr.
1136 2141 1203 2174 m.
1240 2141 1344 2174 sec.
1381 2127 1606 2174 Floreat.
1641 2125 1785 2175 Med.
1825 2141 1929 2175 sec.
1969 2128 2068 2174 ine.
2109 2125 2286 2174 Heius.
2325 2125 2371 2172 T
2373 2125 2522 2172 huau.
2560 2124 2751 2172 Mazar.
2777 2123 2887 2172 duo

682 2189 868 2238 Petav.
894 2189 1019 2239 Lov.
1042 2190 1142 2239 duo
1167 2189 1348 2238 Ambr.
1366 2191 1490 2238 Var.
1514 2193 1613 2238 LL.
1639 2191 1719 2236 ed.
1749 2191 1905 2238 Antv.
1929 2189 2120 2248 fractas
2141 2189 2258 2236 Vat.
2279 2203 2382 2236 sec.
2415 2191 2578 2250 raptas
2599 2195 2652 2234 et
2675 2189 2888 2236 emend.

680 2257 833 2302 tactas
856 2255 1046 2301 Moret.
1069 2269 1172 2302 sec.
1228 2259 1406 2300 troctas
1426 2255 1630 2302 Tliolos.
1661 2253 1778 2300 Ald.
1833 2257 1984 2301 tactos
2005 2255 2126 2300 Vat.
2155 2259 2274 2300 tert.
2302 2251 2446 2299 Rott.
2479 2252 2643 2299 Oisel.
2705 2253 2893 2300 tacitus

680 2315 803 2364 Put.
830 2319 955 2374 Reg.
982 2318 1166 2366 Petav.
1194 2332 1272 2374 pr.
1328 2318 1518 2379 rapidas
1539 2317 1715 2364 tacitus
1736 2317 1860 2366 Jun.
1885 2331 1960 2378 pr.
2015 2322 2166 2364 tactas
2201 2317 2280 2363 vel
2293 2316 2479 2374 fractas
2523 2315 2654 2377 Reg.
2679 2329 2748 2362 m.
2773 2329 2891 2364 sec.

669 2379 859 2436 fractas
882 2383 962 2427 vel
988 2381 1157 2428 tacitus
1178 2381 1351 2428 Oxou.
1378 2395 1477 2429 sec.
1534 2386 1579 2428 et
1600 2379 1991 2442 rapidusfractus
2023 2383 2094 2428 tel
2127 2385 2278 2427 tactas
2317 2379 2457 2426 Med.
2496 2393 2572 2440 pr.
2629 2393 2686 2425 ac
2707 2379 2791 2426 vel
2819 2385 2892 2441 at,

680 2442 1075 2504 rapidusfractas
1098 2445 1176 2491 vel
1200 2449 1351 2492 tactus
1372 2445 1675 2494 Prie-235
1710 2445 1952 2492 clementia
1987 2445 2110 2492 Lov.
2160 2443 2391 2491 dementia
2431 2444 2568 2490 Leid.
2592 2456 2669 2503 pr.
2695 2449 2752 2488 et
2779 2449 2894 2491 tre-

682 2505 848 2554 decim
876 2508 983 2566 alii,
1020 2508 1143 2555 item
1170 2509 1293 2556 Exc.
1319 2509 1529 2556 Gevart.
1579 2509 1693 2556 soevi
1717 2517 1820 2555 tres
1842 2509 1987 2556 Vatt.
2015 2507 2154 2556 Med.
2179 2522 2279 2554 sec.
2301 2507 2381 2554 ed.
2403 2508 2574 2554 Vicet.
2623 2505 2742 2552 Sevi
2763 2507 2887 2554 Flo-

684 2577 818 2618 rent.
845 2572 993 2618 etsie
1018 2572 1264 2619 Heinsius
1300 2571 1616 2634 conjecerat.
1671 2571 1788 2619 Sani
1829 2571 1970 2619 Leid.
2013 2586 2082 2632 pr.
2125 2585 2241 2619 cum
2282 2571 2457 2630 viginti
2494 2569 2714 2632 scriptis,
2751 2569 2888 2619 Exc.

682 2633 834 2691 Laeti,
860 2634 1073 2683 Gevart.
1100 2636 1297 2683 Schott.
1320 2636 1521 2682 Ruben.
1547 2635 1675 2683 Cod.
1709 2637 1885 2685 Rhem.
1924 2637 2138 2682 LucenS.
2176 2649 2278 2682 sec.
2319 2633 2440 2681 Ald.
2479 2634 2600 2680 item
2625 2634 2750 2680 Var.
2777 2633 2887 2682 LL.

684 2698 767 2744 ed.
794 2695 955 2746 Antv.
1009 2700 1122 2746 saevi
1146 2700 1228 2746 vel
1246 2700 1349 2746 sani
1374 2700 1493 2749 Vat.
1520 2699 1681 2760 quint.
1706 2699 1890 2746 Petav.
1914 2714 1990 2760 pr.
2025 2699 2150 2758 rani,
2175 2699 2252 2745 vel
2273 2699 2385 2744 ωτι·
2410 2698 2487 2744 vel
2507 2697 2653 2744 Alani
2674 2696 2889 2745 Prie.—

683 2765 781 2809 236
813 2761 1051 2821 ingentem
1074 2764 1264 2811 Moret.
1288 2778 1389 2810 sec.
1446 2773 1677 2810 emensum
1702 2761 1822 2809 Ald.
1875 2763 2061 2810 deducit
2083 2765 2146 2808 tri
2189 2763 2294 2808 iuta
2317 2761 2476 2808 Codd.
2514 2762 2642 2808 Exc.
2662 2761 2888 2811 Gevart.

684 2825 903 2874 Lucens.
928 2841 1005 2884 pr.
1030 2825 1151 2874 Ald.
1190 2827 1269 2874 ed.
1308 2825 1483 2873 Parm.
1519 2833 1574 2874 et
1613 2827 1782 2873 Vicet.
1817 2826 1936 2873 Var.
1978 2827 2080 2873 LL.
2117 2839 2144 2872 e
2188 2862 2198 2873 .
2235 2824 2392 2873 Antv.
2449 2823 2627 2874 diducit
2667 2824 2888 2885 Raphel.

682 2889 860 2936 Barth.
898 2887 1081 2938 Heius.
1118 2889 1279 2936 Gesn.
1326 2890 1530 2951 Koenig.
1562 2897 1616 2935 et
1639 2890 1720 2936 ed.
1746 2889 1958 2951 Bipont.
2013 2888 2212 2936 deduxit
2254 2889 2442 2950 Isingr.
2483 2889 2644 2936 Coliu.
2683 2887 2886 2950 Gryph.

687 2953 889 3012 Gangen
924 2953 1126 3002 Thuan.
1184 2953 1400 3012 Gangem
1436 2951 1537 3000 duo
1574 2954 1721 3001 Vatt.
1745 2960 1962 3015 quatuor
1996 2952 2140 3002 Med.
2163 2952 2285 3001 Put.
2309 2954 2436 3014 Reg.
2461 2953 2656 3001 Mazar.
2681 2953 2885 3000 Borion.

1677 3112 1726 3162 N
1734 3112 1888 3162 OTAE

746 3213 843 3258 232
875 3210 1131 3274 Lenefluit
1150 3211 1315 3275 Nilus]
1350 3213 1509 3265 Quasi
1526 3215 1743 3279 diceret,
1824 3219 2022 3280 legunt,
2054 3217 2228 3265 Acrior
2259 3221 2310 3264 at
2336 3217 2618 3264 Rhodanus.-
2649 3215 2786 3263 hunc
2826 3220 2887 3264 ut

680 3286 1383 3348 Tyrannifremantetomnia
1395 3291 1744 3354 pessumdent,
1821 3293 1946 3342 Nilo
1970 3299 2200 3358 opponat
2222 3295 2337 3340 lene
2359 3290 2556 3339 fluenti.

682 3369 971 3412 torrentum
993 3361 1186 3411 instar:
1224 3364 1391 3424 Reges
1420 3365 1604 3425 optimi
1637 3379 1742 3412 mo-

679 3436 851 3484 derati
872 3444 1076 3496 sunt,et
1097 3446 1310 3499 prosunt
1332 3440 1581 3498 omnibus,
1607 3439 1743 3491 sicut

660 3512 905 3574 ‚lenefluit
934 3513 1184 3576 Nilia-513&
1209 3513 1444 3576 Rapidus
1465 3521 1638 3562 tamen
1661 3521 1744 3563 est

678 3595 737 3638 et
764 3588 1015 3636 violentus
1040 3589 1105 3638 ad
1130 3597 1438 3640 cataractas,

744 3667 839 3712 233
898 3664 1097 3726 Utilior]
1152 3665 1451 3728 AEgyptum,
1487 3666 1744 3727 mulieres,

681 3739 1012 3804 pecudesque
1052 3739 1335 3789 foecundat.
1403 3741 1638 3790 Tibullus
1675 3741 1739 3790 ad

682 3814 861 3862 Nilum
882 3831 895 3862 ε
934 3819 947 3841 ‘
968 3817 1044 3863 Te
1066 3823 1282 3878 propter
1298 3817 1461 3866 nullos
1486 3818 1638 3864 tellus
1656 3824 1744 3867 tua

680 3891 909 3954 postulat
928 3892 1131 3954 imbres,
1151 3893 1313 3942 Arida
1327 3909 1421 3942 nec
1434 3893 1610 3957 pluvio
1627 3908 1744 3956 sup-

661 3969 845 4032 ,plieat
866 3969 1023 4016 herba
1044 3968 1195 4018 Jovi!

656 4099 671 4109 ..
746 4049 842 4094 234
874 4044 1050 4094 Acrior
1069 4061 1125 4092 ac
1151 4045 1365 4110 rapidus]
1414 4045 1584 4108 Magis
1625 4061 1746 4094 acer

682 4134 835 4184 quam
856 4121 1096 4184 rapidus3
1132 4123 1213 4168 vel
1239 4122 1403 4170 acrior
1436 4135 1495 4169 ac
1535 4121 1742 4184 rapidus

682 4191 865 4253 primo,
886 4199 943 4243 at
964 4209 1081 4246 cum
1103 4195 1292 4244 crescit
1312 4194 1473 4244 lenior
1496 4201 1593 4243 est.
1641 4193 1746 4244 Alii

1887 3372 1979 3416 235
2016 3365 2284 3428 Danubius]
2317 3368 2527 3416 Lenitas
2552 3364 2778 3430 Danubii
2809 3364 2889 3413 ef-

1822 3440 1965 3503 fecit,
2002 3448 2060 3489 ut
2103 3441 2185 3489 hic
2228 3441 2487 3490 diceretur
2531 3456 2559 3488 a
2603 3440 2886 3488 Germanis

1824 3519 2046 3584 omnium
2087 3517 2354 3565 fluviorum
2396 3532 2539 3578 uxor,
2573 3524 2630 3564 ut
2669 3503 2885 3565 Rhenus

1821 3601 1898 3640 est
1922 3595 2130 3642 maritus
2151 3594 2217 3640 ob
2241 3595 2617 3641 strenuitatem.

1887 3668 2028 3730 Sani]
2073 3668 2274 3715 Placidi
2318 3675 2370 3715 et
2406 3671 2695 3730 sapientum
2734 3661 2887 3714 πηοί-θ

1823 3743 1990 3790 euntis
2011 3759 2024 3802 ;
2065 3750 2246 3790 contra
2269 3751 2521 3792 torrentes
2543 3743 2786 3790 dicuntur
2811 3742 2892 3788 in·-

1821 3819 1948 3880 sani,
1969 3819 2102 3882 quod
2127 3827 2276 3876 ruant
2300 3819 2598 3882 praecipites
2621 3819 2786 3866 instar
2809 3818 2890 3865 in-

1822 3897 2144 3943 sauieutium.

1886 3975 1982 4018 236
2019 3971 2242 4032 Gangen]
2297 3969 2564 4017 Danubius
2588 3976 2642 4018 et
2665 3969 2892 4032 Ganges

1825 4047 1986 4108 primo
2010 4055 2130 4094 sunt
2151 4045 2314 4107 rapidi
2335 4061 2350 4104 ;
2375 4045 2463 4094 sed
2487 4050 2760 4108 postquam
2778 4057 2894 4094 ma·-

1815 4121 1957 4183 jores
1981 4119 2106 4170 facti
2128 4127 2266 4185 suut,
2284 4117 2416 4168 fiunt
2436 4119 2673 4168 leniores-
