3184 4967
1111 414 1196 466 ιΝ
1246 417 1358 465 cr..
1407 416 1947 467 antxnumm.
2535 399 2626 467 2⁵

423 559 1116 645 juxta·requiescunt.
1207 562 1578 645 Cupidines
1624 561 1971 644 suspensis
2003 580 2125 646 per
2173 579 2395 626 ramos
2434 581 2625 626 arcu-

431 662 564 724 bus
591 663 1048 744 pharetrisque
1076 664 1180 726 vel
1202 663 1574 739 colludunt,
1598 663 1701 726 vel
1726 664 1953 726 avium
1978 663 2173 728 nidos
2194 652 2622 744 investigant,

433 763 546 826 vel
573 765 750 828 mala
795 765 1022 846 legunt
1069 764 1376 841 dominae,
1421 766 1530 828 vel
1575 765 1855 828 volitant
1884 785 2004 846 per
2040 783 2333 829 summas
2377 765 2619 841 ulm05,

434 864 542 928 vel
567 865 635 926 in
666 866 966 930 statione
999 874 1156 930 sunt
1199 867 1282 930 ad
1325 866 1649 930 arcendos
1682 865 1957 929 Faunos
1985 867 2405 948 reliquosque
2434 865 2620 930 Deos

433 966 816 1047 sylvestreS,
851 988 933 1030 ne
979 969 1178 1032 nimis
1227 969 1476 1032 curiosi
1527 955 1811 1032 Veneris
1851 987 2155 1031 somnum
2202 969 2619 1031 conturbent.

431 1066 573 1129 Sed
599 1077 738 1131 non
771 1090 962 1152 aeque
993 1072 1160 1134 bene
1191 1071 1450 1146 VenuS,
1484 1070 1599 1132 ubi
1630 1069 1815 1132 chori
1844 1089 1933 1132 ex
1962 1071 2129 1133 urbe
2161 1070 2388 1132 vicina
2412 1068 2621 1132 auditi

430 1187 735 1231 somnum
763 1169 862 1232 illi
914 1177 1375 1246 excusserunt,
1416 1169 1706 1234 Amores
1736 1170 2013 1234 dimittit
2052 1169 2139 1233 ad
2182 1169 2621 1252 quaerendum

427 1268 900 1352 Hymenaeum,
933 1277 1000 1336 et
1043 1289 1196 1334 cum
1225 1273 1376 1354 ipsa
1403 1271 1473 1334 in
1489 1271 1685 1334 illum
1710 1267 2083 1346 incidisset,
2108 1290 2196 1334 ex
2227 1289 2310 1334 eo
2354 1271 2617 1352 quaerit,

429 1373 776 1454 cujusnam
849 1373 1102 1455 nuptiae
1170 1373 1622 1438 celebrentur.
1744 1372 2055 1438 Ceterum
2098 1377 2325 1435 motus
2386 1372 2618 1449 animi,

429 1491 605 1554 quos
637 1473 844 1536 sentit
875 1473 1291 1555 Hymenaeus
1321 1473 1586 1538 Venere
1618 1476 1792 1550 visa,
1826 1475 2087 1556 egregie
2118 1480 2281 1536 sunt
2311 1474 2622 1556 expressi

423 1572 528 1656 (v.
557 1575 668 1637 40.
702 1570 950 1656 seqq.).
1043 1573 1277 1638 Minus
1310 1575 1544 1659 placet
1581 1575 2007 1652 declamatio,
2042 1594 2179 1657 qua
2216 1574 2337 1638 ille
2363 1573 2619 1654 generis

422 1676 841 1739 nobilitatem
887 1684 962 1740 et
1009 1675 1306 1743 Palladii
1345 1685 1410 1742 et
1463 1677 1793 1742 Celerinae
1840 1677 2135 1740 celebrat
2166 1676 2270 1761 (v.
2301 1672 2617 1758 56-99).

423 1774 610 1858 Apte
635 1777 704 1838 in
732 1777 938 1858 priori
965 1775 1086 1861 (x.
1111 1777 1258 1842 135.
1301 1775 1528 1861 seqq.)
1570 1778 1799 1842 Triton
1830 1776 2245 1860 Cymotho'e’n
2287 1777 2617 1840 reluctan-

423 1883 559 1938 tem
584 1877 888 1939 ambiens
907 1877 1433 1959 deprehenditur,
1455 1880 1595 1961 qui,
1616 1879 1733 1942 ubi
1762 1879 2043 1955 audivit,
2078 1879 2139 1942 si
2156 1880 2609 1960 properasset,

421 1977 698 2040 facilem
745 1979 874 2040 sibi
901 1978 1140 2042 dehinc
1187 1979 1376 2044 illam
1409 1980 1629 2042 Deam
1660 1979 1832 2057 fore,
1864 1980 1952 2044 ad
1982 1979 2177 2043 littus
2223 1980 2517 2056 festinat,
2546 1980 2617 2042 in

421 2079 612 2147 illum
645 2081 946 2162 corporis
977 2081 1273 2144 habitum
1299 2063 1749 2165 composituS‚
1772 2102 1910 2165 quo
1935 2081 2270 2146 Venerem
2301 2100 2421 2163 per
2436 2099 2619 2144 mare

419 2180 684 2245 vehens
725 2201 770 2244 a
799 2182 1109 2264 plasticis
1143 2189 1216 2246 et
1238 2184 1601 2264 pictoribus
1654 2183 1813 2265 fingi
1836 2185 2037 2248 solet.
2128 2183 2214 2245 In
2235 2183 2470 2246 itinere
2500 2181 2619 2244 de·-

421 2282 784 2346 scribendo
813 2283 1022 2366 poeta
1049 2285 1314 2366 ingenio
1333 2286 1699 2350 luxurianti
1718 2287 1921 2350 nimis
1943 2285 2253 2361 indulsit,
2284 2303 2414 2348 nec
2444 2302 2617 2346 mar-

421 2384 680 2464 garitae,
713 2403 756 2447 a
786 2383 1123 2468 Nymphis
1159 2387 1433 2450 marinis
1465 2408 1504 2450 e
1532 2389 1733 2452 maris
1760 2387 1971 2452 fundo
2022 2389 2094 2470 in
2123 2387 2299 2450 dona
2344 2385 2619 2467 nuptia-

420 2485 522 2547 lia
549 2487 808 2566 petitae,
845 2487 1020 2549 satis
1076 2490 1469 2570 probantur.
1547 2489 1633 2553 In
1663 2490 1873 2554 altero
1902 2489 2179 2574 (xxxr.
2218 2489 2369 2553 103.
2395 2481 2619 2569 seqq.)

422 2600 626 2650 curru
652 2588 918 2652 vehitur
947 2588 1180 2653 Venus
1224 2589 1500 2654 fioribus
1543 2597 1779 2653 ornato
1810 2596 1876 2653 et
1906 2609 1949 2652 a
1990 2589 2317 2652 columbis
2348 2591 2570 2649 tracto
2600 2605 2619 2664 ;

353 2769 360 2773 ⁸
419 2686 710 2754 Amores
741 2691 980 2754 avibus
1023 2689 1400 2753 insidentes
1426 2709 1548 2771 per
1585 2709 1783 2754 auras
1830 2691 1963 2753 iter
1990 2689 2301 2751 faciunt.-
2356 2687 2441 2750 In
2470 2705 2618 2751 ora-

420 2791 607 2854 tione
652 2791 940 2856 Veneris
967 2789 1082 2878 (x.
1115 2787 1541 2874 190—227.),
1575 2811 1715 2874 qua
1744 2791 2101 2856 comitibus
2116 2795 2343 2872 partes
2375 2789 2621 2871 cuique

421 2893 722 2972 agendas
765 2894 1126 2970 distribuit,
1154 2914 1372 2958 rerum
1421 2894 1787 2975 opulentia,
1832 2895 2031 2957 nimis
2071 2891 2372 2956 studiose
2394 2889 2619 2952 oculis

417 2995 766 3075 exposita,
821 2995 1119 3059 offendit.
1207 2996 1516 3061 Tandem
1561 2997 1651 3058 ad
1698 2996 1940 3059 Mariae
1990 2995 2173 3059 aedes
2216 2991 2619 3074 pervenitur,

419 3114 576 3175 quae
606 3096 836 3177 puella
863 3103 1004 3160 tum
1031 3097 1324 3160 maxime
1365 3115 1456 3160 ex
1483 3101 1783 3159 veterum
1814 3095 2206 3159 Graecorum
2236 3099 2305 3156 et
2345 3092 2623 3155 Latino-

415 3213 568 3259 rum
599 3195 853 3279 poetiS,
889 3203 968 3261 'et
1007 3197 1194 3279 quod
1224 3197 1512 3273 mireriS,
1532 3215 1626 3258 ex
1660 3197 1981 3278 Sapphus
2032 3195 2461 3268 carminibus,
2493 3211 2617 3272 pu-

418 3296 671 3360 dicitiae
735 3297 1054 3380 exempla
1113 3297 1444 3361 discebat.
1551 3295 2017 3359 Pulchritudo·
2046 3296 2279 3358 matris
2334 3299 2399 3356 et
2454 3291 2615 3354 filiae

414 3397 706 3462 Veneris
751 3405 1022 3481 stupore
1053 3399 1452 3480 exprimitur
1498 3395 1785 3481 adjectis
1836 3395 2383 3460 similitudinibus
2430 3389 2614 3455 haud

413 3499 660 3581 ineptis
684 3519 702 3577 3
749 3500 872 3563 sed
895 3516 1184 3581 sequens
1213 3499 1448 3576 oratio,
1479 3518 1633 3581 quae
1658 3498 1905 3561 Veneri
1930 3497 2245 3560 tribuitur
2266 3499 2367 3568 (v,
2397 3491 2617 3553 252—-

415 3596 604 3682 281.)
677 3613 1068 3682 quanquam
1107 3618 1242 3662 non
1287 3599 1560 3662 omnino
1606 3598 1945 3678 displicet,
1974 3593 2343 3657 -oratorios
2395 3587 2615 3669 magis

414 3700 724 3782 lecythos
754 3701 953 3782 sapit,
986 3718 1188 3780 quam
1237 3695 1732 3778 simplicitatem
1782 3701 1851 3758 et
1892 3698 2322 3756 venustatem
2346 3689 2614 3754 Venere

413 3801 714 3882 dignam.
807 3800 1029 3862 Etiam
1085 3799 1154 3860 in
1210 3797 1424 3860 altero
1479 3795 1752 3880 (xxxi.
1785 3789 2188 3875 116—138.)
2232 3791 2463 3854 Venus
2520 3791 2612 3853 ad

413 3901 600 3966 aedes
645 3899 972 3965 Celerinae
1005 3899 1216 3960 tendit
1235 3915 1488 3978 easque
1511 3897 1791 3960 floribus
1823 3902 2017 3959 ornat
2037 3901 2106 3957 et
2135 3892 2423 3956 balsami
2447 3890 2615 3955 odo-

412 4003 606 4068 ribus
633 4003 890 4090 implet,
923 4007 1090 4076 tum‚
1131 4000 1360 4082 puella
1389 3998 1477 4064 ad
1521 3999 1833 4082 juvenem
1860 4015 1899 4058 e
1948 3996 2181 4059 matris
2213 3991 2461 4074 gremio
2493 3991 2609 4055 de·

409 4107 640 4183 ducta,
680 4104 1076 4188 junctisque
1107 4101 1374 4166 illorum
1415 4099 1751 4176 manibus,
1773 4098 1985 4174 illum,
2014 4102 2095 4160 ut
2134 4094 2455 4178 precibus
2481 4111 2609 4176 po·-
