3184 4967
552 379 644 454 5⁰
1240 409 1282 450 .·
1374 371 1935 454 rnonnconsnA

553 533 907 610 Musarum
919 547 1112 610 ‘esset
1139 549 1460 623 versatuS,
1489 547 1614 610 nec
1654 547 1894 612 invitas
1922 563 2038 610 eas
2066 546 2135 610 in
2160 544 2429 610 domum
2454 544 2753 624 Honori}

553 650 628 712 et
655 645 1059 722 Stilichonis,
1087 651 1396 729 tanquam
1421 648 1492 710 in
1517 647 1893 729 pistrinum,
1944 648 2407 730 compegisset.
2497 646 2576 711 In
2605 667 2748 712 om-

553 747 752 814 nibus
797 752 1013 810 autem
1063 748 1262 823 vitiis,
1294 766 1450 829 quae
1497 748 1591 810 illi
1634 749 1783 830 jure
1826 749 2215 830 exprobrari
2257 755 2558 830 possunt,
2592 749 2749 813 talis

555 852 774 913 tamen
801 855 922 925 est,
951 849 1212 931 qualem
1241 849 1359 912 illa
1401 855 1790 932 tempestate
1816 853 2239 933 nequaquam
2278 855 2750 932 expectasses:

557 949 808 1014 tantam
837 951 904 1012 in
933 948 1324 1031 quibusdam
1368 953 1763 1016 carminibus
1788 953 2017 1034 parvis
2060 957 2127 1014 et
2170 951 2236 1014 in
2282 950 2557 1032 singulis
2600 951 2753 1015 reli-

551 1065 846 1134 ·quorum·
869 1050 1040 1112 locis
1073 1048 1356 1112 ostendit
1405 1050 1647 1130 ingenii
1698 1052 2117 1134 elegantiam,
2160 1058 2347 1116 tanta
2376 1058 2476 1116 est
2504 1071 2752 1118 sermo-2

556 1151 688 1226 nis,
741 1171 937 1233 quem
987 1138 1314 1226 adhibuit,
1345 1153 1625 1234 puritaS,
1674 1158 1749 1217 ut
1790 1173 1936 1218 raro
1981 1154 2213 1218 saeculi
2260 1155 2327 1217 in
2380 1155 2750 1218 barbariem

555 1247 934 1314 inclinantis
977 1252 1262 1331 vestigia
1308 1259 1671 1317 occurrant.
1791 1252 1965 1330 Quae
2014 1274 2163 1318 cum
2218 1255 2316 1318 ita
2375 1254 2531 1330 sint,
2576 1245 2753 1318 recte

559 1349 837 1427 dixeris,
866 1370 1138 1413 errorem
1170 1351 1502 1432 quendam
1531 1359 1781 1418 naturae
1833 1343 2190 1419 Claudiani
2228 1357 2581 1436 ingenium,
2610 1359 2755 1418 tan-

561 1469 760 1534 quam
793 1471 1015 1514 semen
1051 1451 1348 1534 aliquod,
1388 1471 1520 1515 non
1564 1455 1736 1516 veris
1780 1460 2073 1536 tempore
2124 1462 2307 1538 apto,
2352 1456 2467 1519 sed
2517 1459 2755 1519 aestate

547 1553 696 1637 jam
725 1553 1058 1628 inclinata,
1084 1555 1272 1616 terris
1300 1553 1621 1631 intulisse,
1654 1575 1806 1636 quae
1827 1557 2097 1620 herbam
2126 1555 2391 1639 quidem
2414 1556 2753 1620 luxurian-

556 1658 688 1718 tem
718 1653 1152 1735 produxerint
1177 1659 1246 1716 et
1267 1655 1460 1718 flores
1487 1655 1738 1718 fructus
1773 1657 2191 1720 ostendentes
2218 1657 2604 1732 uberrimoS‚
2635 1655 2753 1739 qui

555 1759 772 1818 tamen
829 1755 915 1818 ad
967 1755 1410 1820 maturitatem
1458 1760 1800 1839 pervenire
1845 1779 1979 1822 non
2026 1759 2376 1840 potuerint.
2464 1757 2755 1822 Accedit

559 1855 847 1939 quoque,
895 1857 1072 1939 quod
1123 1858 1417 1921 carmina
1465 1858 1613 1940 ejus
1664 1860 1979 1942 pleraque
2024 1865 2181 1922 sunt
2217 1858 2570 1942 ejusmodi,
2598 1877 2751 1940 quae

557 1975 692 2022 non
741 1957 908 2020 liber
953 1957 1153 2020 animi
1205 1959 1488 2040 impetus
1535 1958 1729 2035 fudit,
1776 1959 1895 2024 sed
1942 1979 2097 2044 quae
2144 1959 2384 2024 debent
2428 1958 2752 2040 originem

559 2058 898 2122 occasioni
949 2059 1168 2122 subito
1219 2059 1495 2134 obortae,
1541 2080 1674 2123 non
1720 2062 1885 2126 satis
1927 2067 2319 2145 opportunae
2352 2060 2439 2124 ad
2468 2065 2751 2124 mentem

557 2157 1024 2242 magnitudinis
1084 2166 1149 2222 et
1203 2160 1655 2224 admirationis
1712 2181 1915 2226 sensu
1969 2160 2533 2240 inflammandam3
2602 2178 2753 2238 nec,

558 2261 818 2326 etiamsi
847 2281 998 2324 eum
1017 2262 1102 2324 ab
1131 2262 1281 2324 aliis
1305 2261 1586 2343 negotiis
1615 2264 1809 2346 plane
1831 2282 2113 2328 vacuum
2132 2264 2495 2344 cogitamus
2522 2258 2777 2337 fuisse,'

559 2362 728 2428 satis
754 2361 978 2428 mirari
1005 2382 1388 2446 possumuS‚
1412 2363 1591 2446 quod
1620 2371 1718 2428 tot
1745 2384 1931 2448 saepe
1958 2366 2269 2441 carmina,
2299 2371 2433 2428 tam
2462 2363 2751 2452 prolixa,

558 2462 628 2528 in
683 2469 864 2527 tanta
917 2485 1131 2527 rerum
1180 2465 1272 2548 jej
1281 2465 1548 2542 unitate,
1608 2487 1741 2530 uno
1790 2469 2157 2551 eodemque
2216 2487 2383 2530 anno
2434 2466 2753 2530 conficere

559 2565 798 2649 potuit.
889 2563 1058 2628 Cum
1085 2585 1374 2649 quoque,
1407 2586 1560 2648 quae
1610 2568 2008 2650 scripsisset,
2061 2568 2282 2632 statim
2315 2567 2655 2631 recitanda
2682 2574 2753 2630 et

557 2665 628 2730 in
669 2671 1088 2749 patronorum
1135 2668 1452 2732 honorem
1495 2669 1863 2750 evulganda
1904 2676 2147 2747 essent,
2182 2668 2553 2732 Horatiano
2582 2688 2753 2750 prae·

561 2773 783 2850 cepto,
814 2773 885 2830 ut
913 2770 1166 2850 scripta
1205 2788 1452 2832 nonum
1501 2771 1570 2832 in
1610 2789 1858 2832 annum
1903 2777 2304 2853 premantur,
2334 2789 2467 2832 non
2495 2773 2753 2851 poterat

559 2866 683 2944 uti,
712 2866 961 2948 illaque
1013 2869 1522 2949 opportunitate,
1552 2888 1751 2950 quam
1800 2871 2073 2952 optimis
2105 2870 2487 2954 quibusque
2536 2868 2752 2951 poetis

559 2971 822 3034 fortuna
847 2989 981 3032 non
1001 2971 1297 3048 negavit,
1331 2971 1623 3034 carmina
1670 2991 1791 3034 sua
1833 2971 2230 3037 retractandi
2280 2977 2347 3034 et
2386 2972 2559 3034 male
2588 2989 2753 3034 cusa

561 3072 650 3136 ad
696 3071 1000 3136 incudem
1045 3071 1428 3147 revocandi,
1475 3078 1617 3136 erat
1668 3072 2038 3137 destitutus.
2128 3073 2345 3136 Etiam
2388 3079 2543 3154 post
2570 3072 2752 3136 Stili-

562 3173 792 3238 chonis
839 3192 1095 3248 necem,
1145 3173 1202 3235 si
1254 3172 1457 3234 modo
1492 3173 1592 3236 illi
1633 3173 1777 3236 viro
1826 3179 2179 3256 supersteS,
2208 3193 2329 3236 nec
2376 3173 2753 3237 calamitate

559 3275 706 3358 ejus
733 3272 925 3336 fuerit
952 3273 1354 3354 implicatuS,
1387 3277 1570 3336 tanta
1596 3292 1813 3337 rerum
1847 3275 2269 3338 commutatio
2298 3272 2481 3336 facta
2502 3279 2628 3349 est,
2652 3277 2752 3350 ut,

563 3394 715 3458 quae
759 3375 1069 3440 laudibus
1119 3380 1268 3436 ante
1314 3375 1651 3438 celebrata
1691 3375 1969 3451 fuerant,
2014 3394 2189 3438 nunc
2240 3373 2538 3437 maximo
2595 3373 2751 3436 odio

560 3483 1037 3562 premerentur-3
1084 3494 1220 3557 quo
1249 3483 1538 3557 tempore
1561 3476 1761 3556 igitur
1782 3475 1862 3538 de
1884 3477 1967 3538 iis
1992 3474 2307 3539 limandis
2336 3493 2464 3537 non
2492 3478 2753 3556 poterat

561 3580 872 3661 cogitare,
901 3596 1081 3659 quae,
1114 3578 1174 3639 si
1215 3576 1342 3639 sibi
1369 3576 1711 3638 consulere
1754 3577 1972 3653 vellet,
2018 3577 2277 3658 penitus
2318 3580 2543 3649 'essent
2588 3574 2751 3640 abo-

560 3679 778 3744 lenda.
826 3678 1000 3756 Quae
1031 3699 1181 3742 cum
1209 3677 1643 3756 considerem,
1665 3677 1828 3741 mihi
1855 3678 2261 3760 persuadere
2288 3679 2421 3739 ‘non
2454 3695 2751 3758 possum,

562 3783 638 3844 ut
681 3784 988 3856 statuam,
1021 3776 1458 3842 Claudianum
1504 3796 1791 3858 unquam
1840 3778 2130 3840 carmina
2159 3796 2281 3840 sua
2311 3777 2661 3857 colligendi
2686 3783 2753 3844 et

551 3879 852 3944 secunda
908 3899 1068 3944 cura
1124 3875 1358 3941 edendi
1417 3877 1765 3940 consilium
1816 3879 2123 3957 agitasse.
2238 3875 2345 3940 Ex
2392 3879 2753 3964 carminum

560 3979 784 4059 etiam,
801 3967 958 4064 quae
988 3975 1359 4061 supersunt,
1381 3978 1633 4040 ratione
1656 3985 1723 4041 et
1752 3977 1979 4041 ordine
2005 3978 2291 4054 diverso,
2316 3997 2449 4060 quo
2478 3978 2549 4040 in
2578 3975 2754 4042 Mss-

550 4081 790 4167 juncta
828 4083 1412 4166 deprehenduntur,
1467 4098 1722 4144 necnon
1765 4079 2170 4160 singulorum
2214 4080 2629 4144 mutilatione
2684 4071 2755 4146 et

561 4183 818 4252 defectu
824 4231 846 4266 ,
877 4183 1238 4253 verisimile
1283 4187 1408 4260 est,
1455 4201 1539 4248 ea
1565 4187 1721 4271 post
1760 4181 1945 4248 illius
1966 4187 2266 4261 mortem,
2295 4201 2451 4265 quae
2482 4183 2753 4267 quidem
