3184 4967
1157 328 1236 381 m
1285 334 1400 383 οι.
1449 334 1991 385 οιΑυυιΑΝυΜ.
2568 322 2659 389 :39

469 483 576 543 est
603 478 782 543 enim
825 476 1172 541 multorum
1223 475 1574 561 poetarum
1619 479 2061 563 pei-politione
2112 480 2263 543 trita
2306 486 2503 565 atque
2546 480 2660 547 de-

432 584 752 658 mentata,
796 578 1090 661 variique
1133 578 1336 662 mythi
1381 598 1530 643 cum
1581 578 1702 643 illa
1748 580 2090 663 conjuncti
2122 586 2297 659 sunt,
2356 583 2471 664 qui
2530 602 2659 647 non

441 671 681 747 ‘solum
725 676 812 745 ad
840 682 1206 761 argumenti
1231 680 1613 745 dilationem
1658 686 1853 766 atque
1894 682 2493 765 amplificationem,
2544 685 2662 749 sed

468 782 666 848 etiam
695 780 806 845 -ad
855 787 1162 845 omatum
1209 788 1274 845 et
1323 783 1709 847 varietatem
1760 783 2077 866 pertinere
2122 786 2405 869 possint.
2522 786 2659 850 His

461 881 880 947 claudianus
905 883 1172 965 quidem
1201 902 1362 947 usus
1392 888 1516 961 est,
1546 883 1765 959 minus
1794 889 2017 948 tamen
2058 884 2143 948 ad
2184 888 2509 951 actionem
2539 907 2659 953 va-

421 1032 428 1037 ·
463 984 758 1051 riandam
803 990 884 1051 et
929 983 1516 1069 multiplicandam,
1560 1004 1763 1067 quam
1804 984 1889 1049 ad
1928 1006 2146 1051 rerum
2183 986 2658 1071 descriptiones

435 1086 924 1171 ‘facultatisque
945 1087 1254 1175 oratoriae
1281 1088 1807 1153 ostentationem.
1872 1087 2101 1169 ,Quod
2125 1090 2302 1154 enim
2330 1110 2419 1155 ex
2448 1092 2658 1155 omni-

464 1189 590 1255 bus
619 1189 1046 1267 carminibuS,
1077 1189 1314 1273 paucis
1339 1193 1599 1253 tantum
1624 1192 1953 1275 exceptis,
2004 1196 2293 1270 constat,
2338 1191 2539 1258 etiam
2567 1212 2655 1257 ex

464 1290 592 1370 hoc
611 1290 857 1368 elucet,
889 1288 1327 1359 Claudianum
1354 1290 1741 1374 neutiquam
1770 1292 2035 1373 ingenio
2078 1293 2485 1372 destitutum,
2538 1292 2657 1359 sed

467 1396 670 1460 totum
702 1393 866 1457 illud
899 1398 1312 1459 consumtum
1351 1412 1500 1457 esse
1529 1396 1600 1457 in
1632 1394 2029 1472 elocutione,
2067 1396 2163 1459 ita
2190 1401 2265 1459 ut
2290 1395 2657 1461 inventioni

463 1511 706 1559 vacare
734 1516 864 1559 non
891 1502 1137 1580 posset.
1577 1560 1588 1569 .
1616 1486 1619 1489 ’

461 1636 477 1646 -·
549 1594 930 1679 Sequuntur
957 1599 1280 1680 epistolae,
1323 1617 1599 1682 quarum
1630 1596 2013 1683 dignitatem
2041 1600 2310 1683 reliquis
2356 1599 2659 1665 carmini-

462 1698 590 1764 bus
619 1698 990 1765 inferiorem
1035 1706 1224 1782 putat
1269 1700 1607 1766 Gesnerus
1636 1702 1829 1781 adeo,
1873 1707 1951 1766 ut
1985 1703 2341 1779 existimet,
2392 1703 2525 1766 sibi
2553 1722 2659 1767 ro·-

463 1800 762 1881 gandum.
780 1820 932 1870 esse
959 1804 1292 1882 lectorem,
1338 1823 1424 1867 ne
1445 1825 1532 1869 ex
1561 1804 1693 1869 illis
1721 1804 1997 1871 virtutes
2026 1803 2377 1869 Claudiani
2408 1804 2658 1887 ponde·

463 1908 608 1981 ret„
629 1921 752 1969 seu
799 1924 882 1969 ne
927 1905 1298 1985 arbitretur,
1344 1906 1661 1989 quoniam
1707 1906 2047 1990 superiora
2086 1906 2351 1988 egregia
2395 1905 2656 1983 fuerint,

465 2005 814 2074 etiam-has
843 2006 976 2071 sibi
1004 2026 1151 2073 esse
1177 2008 1557 2077 imitandas.
1648 2007 2011 2073 Moverunt
2036 2008 2222 2072 illum
2251 2009 2466 2071 virum
2496 2006 2655 2071 doc-

463 2106 796 2174 tissimum
824 2127 932 2187 ea,
987 2126 1146 2191 quae·
1177 2110 1336 2173 olim
1379 2109 1686 2174 solebant
1726 2128 1879 2174 cum
1896 2108 1981 2171 de
2010 2110 2317 2173 universo
2344 2108 2657 2191 epistola-

461 2226 602 2277 rum
632 2228 885 2289 genere,
914 2214 1053 2301 tum
1099 2210 1182 2273 de
1211 2208 1833 2294 epistolisaepoiiticis
1859 2210 2208 2292 disputari,
2239 2210 2541 2274 omnibus
2568 2208 2657 2273 ad

462 2306 800 2377 Ciceronis
825 2309 1188 2377 effloratii
1215 2312 1538 2395 epistolas
1565 2312 1815 2377 relatis.
1904 2311 2041 2375 Sed
2058 2330 2185 2375 nec
2216 2310 2455 2375 Cicero
2478 2310 2657 2375 tenui

459 2415 533 2477 et
557 2413 848 2479 incomto
876 2412 1215 2479 scribendi
1241 2434 1478 2498 genere
1508 2434 1769 2497 semper
1796 2432 1957 2479 usus
1988 2418 2111 2490 est,
2142 2432 2365 2479 verum
2404 2412 2491 2479 ad
2520 2433 2651 2489 res,

459 2530 799 2595 personaS,
824 2522 894 2579 et
921 2519 1226 2599 tempora
1246 2515 1780 2595 accommodato3
1798 2535 2015 2598 neque
2035 2514 2341 2588 Ovidius,
2356 2516 2471 2597 qui
2488 2512 2655 2579 illud

425 2674 430 2678 ,
459 2634 668 2695 genus
713 2616 1054 2699 praecipu‘e
1101 2617 1471 2694 exornavit,
1513 2634 1847 2700 nusquam
1892 2616 2189 2695 exsurgit
2232 2632 2656 2697 sermoneque

455 2715 658 2781 utitur
685 2715 1145 2799 exquisitiore.
1237 2715 1412 2794 Quae
1444 2736 1599 2781 cum
1626 2716 1743 2785 ,ita
1786 2718 1942 2793 sint,
1997 2715 2297 2781 Gesnero
2345 2716 2655 2783 assentiri

455 2836 592 2885 non
620 2836 926 2900 possum3
957 2836 1338 2904 quanquam
1360 2838 1494 2885 non
1523 2819 1586 2883 is
1616 2836 1784 2896 sum,
1806 2818 1919 2901 qui
1946 2822 2193 2901 putem,
2216 2816 2289 2879 in
2318 2816 2453 2879 illis
2476 2818 2653 2899 epis·-

459 2920 616 2983 tolis
641 2917 934 3003 poeticis
955 2920 1296 2987 luculenta
1315 2920 1649 2988 facultatis
1673 2920 1963 3004 poeticae
1992 2918 2359 3002 specimina
2378 2915 2655 2982 Claudi-

457 3038 654 3087 anum
683 3020 1026 3102 edidisse..
1081 3021 1158 3087 Si
1189 3042 1236 3087 a
1262 3021 1588 3093 scribendi
1636 3040 1869 3103 genere
1896 3018 2193 3098 recedas,
2246 3019 2428 3102 quod
2457 3020 2653 3091 nimis

451 3122 816 3205 quaesitum
845 3122 1168 3189 interdum
1195 3123 1366 3189 adeo
1395 3128 1621 3200 tumet,
1650 3122 1770 3187 illa
1796 3122 2091 3187 carmina
2109 3122 2375 3185 minime
2404 3121 2473 3185 in
2499 3142 2654 3206 pos-

457 3224 678 3292 tremis
705 3222 852 3306 ejus
873 3230 1027 3289 sunt
1052 3224 1354 3309 habenda
1375 3246 1393 3305 ;
1411 3229 1500 3288 ,εἰ
1524 3224 1695 3289 illud
1719 3223 1805 3287 ad
1837 3222 2209 3307 olybrium,
2252 3223 2321 3287 in
2347 3224 2525 3306 quod
2542 3226 2655 3297 ,in-

453 3325 690 3407 primis
719 3327 1012 3405 censoris
1051 3328 1462 3391 severitatem
1513 3326 1859 3407 destringit
1898 3324 2261 3401 Gesnerus,
2316 3324 2474 3388 mihi
2506 3325 2653 3408 qui-

407 3423 599 3504 „dem
627 3445 762 3491 non
787 3426 1144 3492 admodum
1174 3427 1508 3510 displicet,
1559 3446 1713 3492 cum
1756 3429 2074 3511 reputem,
2127 3424 2479 3509 epistolam
2507 3442 2652 3492 esse

457 3525 548 3589 ad
587 3526 857 3608 poetam
907 3534 977 3592 et
1030 3532 1352 3598 oratorem
1395 3527 1755 3610 copiosum.
1789 3531 1857 3590 et
1904 3525 2413 3608 grandiloquum
2461 3524 2557 3608 (v.
2582 3524 2651 3591 3.
2760 3559 2767 3565 ·

453 3624 652 3711 sqq.),
697 3628 892 3711 cujus
931 3628 1190 3711 judicio
1217 3633 1284 3693 et
1310 3629 1637 3693 voluntati
1676 3629 1787 3691 vel
1806 3628 1877 3689 in
1902 3627 2111 3691 literis
2156 3625 2653 3701 conscribendis

451 3736 624 3815 esset
651 3730 1080 3797 serviendum.
1172 3730 1280 3795 De
1305 3729 1522 3813 prima
1549 3728 1859 3813 epistola,
1894 3745 2011 3792 seu
2036 3712 2327 3793 carmine
2357 3742 2527 3793 xxx
2540 3745 2649 3793 lx.

439 3829 584 3913 jam
623 3850 844 3915 ‚supra
887 3830 1146 3899 locutus
1203 3850 1390 3895 sum:
1465 3851 1617 3915 quae
1664 3836 1934 3909 restant,
1994 3830 2082 3895 ad
2127 3829 2389 3903 dicendi
2446 3850 2653 3913 genus

449 3928 806 4001 claudiani
833 3932 1210 3999 universum
1240 3934 1591 4015 pertinent,
1624 3932 1707 3997 de
1734 3952 1867 4017 quo
1896 3931 2065 4015 infra
2096 3950 2311 3997 sermo
2340 3932 2481 3997 erit.
2626 3996 2635 4005 ,

455 4088 492 4113 -.·
539 4032 910 4104 Veniamus
945 4034 1093 4117 Jam
1123 4034 1210 4097 ad
1237 4034 1354 4098 illa
1379 4035 1691 4111 carmina,
1712 4052 1870 4118 quae
1904 4030 2217 4120 Eidyllia,
2248 4035 2509 4113 nomine
2540 4053 2650 4099 sa-

449 4134 538 4203 tis
561 4135 926 4221 indefinito,
980 4141 1320 4215 vocantur,
1373 4136 1777 4228 narrationes
1802 4141 1871 4201 et
1896 4134 2372 4222 descriptiones,
2396 4137 2647 4217 similes
