3184 4967
1027 422 1123 471 nu
1173 421 1441 471 ιιΑιιιι
1489 421 1768 471 ἰἰιιιοι).
1816 422 2026 471 cons.
2399 419 2405 426 ·
2457 406 2590 470 457

397 565 800 652 Consul-per
824 565 1131 650 populos,
1158 563 1470 648 idemque
1499 565 1924 648 gravissimus
1953 567 2182 628 auctor

396 668 687 752 Eloquii,
718 667 969 751 duplici
999 667 1141 731 vita
1168 666 1497 730 subnixus
1520 666 1587 728 in
1617 684 1838 730 aevum

396 768 755 848 Procedat,
794 769 989 834 libris
1011 769 1259 852 pariter
1287 768 1608 851 fastisque
1639 766 1982 849 legendus,
2457 763 2588 828 335

393 866 715 952 Accipiat
742 869 948 952 patris
973 868 1383 952 exemplum,
1409 869 1788 952 tribuatque
1815 868 2050 950 nepoti

397 969 638 1049 Filius,
672 977 737 1036 et
768 972 1010 1056 coeptis
1037 990 1123 1035 ne
1152 971 1327 1036 desit
1350 971 1656 1035 fascibus
1683 970 1924 1036 haeres,

395 1071 727 1150 Decurrat
754 1073 1053 1136 trabeata
1078 1071 1340 1148 domm,
1371 1072 1720 1154 tradatque
1747 1089 2012 1135 secures

396 1169 639 1236 Mutua
667 1174 1051 1255 posteritas,
1081 1177 1474 1254 servatoque
1502 1171 1734 1244 ordine
1761 1171 1880 1234 fati

396 1269 631 1338 Mallia
659 1271 969 1336 continuo
994 1277 1365 1336 numeretur
1394 1271 1681 1337 Consule
1709 1273 1952 1355 proles·
2455 1270 2588 1334 340

398 1458 578 1508 Orator
594 1458 963 1523 spectatissimus
982 1460 1241 1522 eloquentia
1262 1473 1373 1520 sua,
1398 1466 1451 1508 et
1462 1459 1624 1520 fretus
1631 1457 1770 1518 sama
1787 1457 1998 1519 gemina,
2019 1463 2096 1506 eat
2115 1471 2200 1520 per
2217 1458 2408 1520 populos
2430 1459 2587 1521 legen-

393 1523 481 1571 dus
498 1524 745 1588 aqualiter
768 1525 823 1573 iu
841 1524 1002 1573 Libris
1023 1524 1129 1572 suis
1151 1529 1197 1572 et
1218 1523 1271 1571 in
1296 1523 1477 1573 Fastis.
1546 1523 1702 1572 Filius
1734 1521 1846 1586 ejus
1865 1528 2086 1584 sequatur
2119 1522 2380 1584 exemplum
2410 1523 2588 1584 patris,

393 1590 442 1634 d
457 1589 543 1636 det
562 1588 821 1651 seponimus,
857 1593 904 1638 et
944 1588 1091 1637 heres
1125 1603 1217 1636 non
1252 1587 1442 1652 deficiat
1481 1588 1758 1636 emendatus
1789 1586 1987 1649 incepto.
2051 1587 2233 1634 Domus
2269 1585 2379 1647 ejus
2413 1587 2588 1635 vestita

392 1663 625 1714 purpura
658 1653 930 1701 consulari
962 1654 1203 1714 procedat,
1237 1655 1284 1700 et
1318 1652 1496 1714 posteri
1527 1652 1642 1713 ejus
1671 1652 1782 1724 dent
1805 1650 1902 1699 sibi
1934 1651 2131 1724 invicem
2152 1664 2330 1698 secures
2345 1666 2364 1708 ,·
2395 1655 2443 1698 et
2463 1649 2586 1700 serie

392 1712 599 1764 futorum
620 1721 911 1779 conservata,
929 1731 1046 1778 gem
1063 1715 1238 1764 Mallia
1257 1721 1500 1764 censeatur
1527 1715 1802 1764 Consulibus
1815 1720 2070 1778 perpetuu.

1316 1841 1373 1860 00
1381 1841 1460 1861 'O‘
1465 1841 1550 1860 ‘O‘
1558 1841 1639 1862 'O‘
1645 1843 1672 1862 O

373 1935 576 1986 ‘Sched.
618 1936 756 1986 Gud.
788 1937 911 1988 Var.
935 1939 1039 1988 LL.
1076 1939 1162 1988 ed.
1206 1937 1366 1986 Antv.
1415 1936 1614 1988 inmissa
1637 1938 1721 1987 vel
1751 1939 1974 1988 immensa
2010 1937 2156 1988 Med.
2195 1945 2313 1988 tert.
2349 1938 2398 1986 in
2423 1939 2587 1989 altero

393 2001 521 2050 Cod.
558 2001 780 2064 Gyrald.
828 2009 945 2052 erat
976 2003 1194 2052 inmersa.
1246 2003 1396 2050 male.
1449 2002 1585 2051 uude
1618 2018 1794 2052 emersu
1833 2003 2146 2066 conjiciebat
2184 2002 2446 2053 Heinsius.
2510 2020 2587 2053 ca·

390 2065 515 2113 n‘nis
534 2065 763 2116 Floreat.
794 2081 863 2116 m.
886 2083 966 2130 pr.
1017 2067 1203 2116 canoris
1239 2068 1531 2114 Low—323
1560 2081 1650 2127 per
1681 2069 1899 2129 proprios
1934 2067 2055 2115 Vat.
2083 2081 2163 2129 pr.
2199 2083 2268 2116 m.
2293 2082 2373 2129 pr.
2423 2073 2590 2116 auctor

390 2129 512 2178 Vat.
534 2129 701 2179 Livin.
758 2135 888 2179 actor
909 2133 1108 2179 Bonon.
1131 2129 1311 2177 Ambr.
1337 2143 1417 2192 pr.
1441 2129 1617 2177 Oxou.
1637 2144 1738 2178 sec.
1761 2129 1882 2178 Ald.
1905 2131 2031 2180 Exc.
2051 2131 2430 2180 Gentium—834
2465 2131 2590 2180 vitta

391 2191 535 2242 Med.
560 2207 664 2242 sec.
701 2194 903 2242 Tholos.
943 2193 1046 2242 duo
1068 2193 1250 2242 Ambr.
1287 2191 1415 2241 Cod.
1439 2191 1627 2241 Sixtin.
1653 2193 1780 2242 Exc.
1809 2193 2007 2242 Schott.
2046 2194 2268 2243 Lucens.
2292 2209 2372 2256 pr.
2404 2194 2589 2244 Sched.

392 2255 533 2304 Gud.
579 2258 725 2305 mitra
747 2259 867 2306 Vat.
894 2272 997 2306 sec.
1032 2257 1144 2306 Pal.
1182 2258 1420 2322 Petu.—
1434 2269 1511 2318 pr.
1545 2256 1740 2307 Moret.
1783 2272 1862 2320 pr.
1898 2257 2033 2306 unde
2071 2259 2240 2306 merito
2275 2257 2591 2321 conjiciebat

392 2320 578 2369 Heins-
631 2321 750 2369 oitio
773 2321 895 2369 Var.
919 2323 1022 2371 LL.
1054 2321 1140 2369 ed.
1166 2320 1325 2369 Autv.
1374 2327 1473 2367 mta
1495 2319 1618 2369 Jun.
1643 2335 1722 2382 pr.
1775 2322 1920 2370 mitra
1941 2322 2020 2369 vel
2043 2323 2165 2370 vitta
2187 2321 2334 2370 Med.
2363 2337 2439 2384 pr.
2487 2323 2592 2371 vita

392 2382 767 2450 velfamaWat.
790 2385 953 2447 quint.
998 2385 1228 2433 subnixus
1252 2384 1423 2432 Oxou.
1458 2397 1567 2433 sec.
1617 2386 1798 2434 velatus
1819 2386 1940 2434 Vat.
1981 2401 2084 2435 sec.
2127 2387 2236 2435 Pal.
2276 2386 2469 2436 Mon-et.
2509 2401 2588 2448 ρι’.

391 2451 551 2496 -335
586 2447 721 2496 libris
736 2448 925 2510 pariter
944 2449 1141 2499 Mazar.
1184 2447 1373 2510 pariter
1407 2445 1541 2494 libris
1562 2461 1737 2496 omnes
1762 2449 1909 2499 Vatt.
1934 2449 2042 2498 Pal.
2066 2451 2220 2502 Fam.
2260 2450 2403 2500 Prie.
2435 2448 2592 2500 Rott.

394 2510 557 2561 Oisel.
595 2511 837 2574 factisque
860 2511 1003 2561 Leid.
1029 2527 1108 2574 pr.
1148 2512 1277 2561 Lov.
1300 2512 1494 2560 Mazar.
1537 2509 1701 2560 Oisel.
1725 2519 1780 2561 et
1803 2513 1876 2560 sic
1899 2513 2142 2561 Heinsius
2166 2515 2314 2576 legit.
2354 2511 2592 2576 fastisque

393 2574 724 2638 velsactisque
745 2577 890 2626 Med.
908 2583 1075 2640 quart.
1123 2575 1334 2636 legendis
1369 2575 1571 2623 Bonon.
1605 2575 1894 2624 Pan—336
1929 2577 2156 2640 Excipiet
2190 2578 2314 2627 Vat.
2355 2577 2592 2625 Livia.—

393 2641 487 2687 337
510 2639 723 2698 sortibus
740 2641 861 2691 Vnt.
883 2655 985 2689 sec.
1009 2640 1147 2689 Prie.
1171 2640 1401 2688 Florent-
1438 2652 1507 2687 m.
1533 2652 1614 2700 pr.
1646 2654 1708 2687 ex
1727 2642 1889 2700 σωρεία
1921 2641 2041 2690 Vat.
2077 2641 2246 2690 Livin.
2289 2641 2486 2704 inceptis
2507 2655 2601 2690 uec-

393 2703 540 2752 Med.
562 2711 733 2768 quart.
766 2720 857 2753 non
878 2705 1001 2754 desit
1023 2705 1175 2752 Farn.
1197 2703 1556 2751 Mamm—338
1587 2717 1754 2751 manua
1774 2705 1895 2752 Vat.
1919 2711 2088 2767 quart.
2131 2706 2377 2768 tradetque
2399 2705 2592 2754 Petav.

388 2771 663 2816 secr-88⁹
689 2769 965 2830 praeteritas
1000 2767 1100 2816 iuc.
1144 2765 1322 2814 Heius.
1360 2766 1512 2814 deest
1547 2765 1632 2813 hic
1653 2780 1832 2815 versus
1872 2769 1922 2814 in
1961 2769 2085 2817 Var.
2108 2769 2214 2817 LL.
2240 2770 2323 2817 ed.
2366 2769 2594 2818 Antv..—-

392 2833 489 2879 ³40
524 2831 718 2880 Manlea
741 2832 923 2880 Petav.
947 2845 1024 2893 pr.
1082 2830 1269 2878 Manlia
1300 2830 1494 2879 Μαι-εί.
1531 2843 1611 2891 ρι’.
1662 2831 1852 2880 Manlia
1888 2845 2064 2880 omnes
2103 2834 2246 2881 Vatt.
2286 2833 2398 2882 Pal.
2438 2833 2594 2882 Farn.

392 2895 537 2944 Rott.
557 2895 723 2945 Oisel.
749 2898 874 2945 Lov.
899 2894 1047 2944 Leid.
1072 2909 1149 2957 ρι’.
1174 2894 1277 2941 duo
1304 2893 1472 2942 Oxon.
1496 2894 1628 2941 Exc.
1663 2894 1881 2945 Gevart.
1904 2893 1956 2944 in
1982 2896 2150 2946 Oxou.
2176 2910 2254 2960 ρι’.
2274 2897 2355 2945 hic
2375 2897 2426 2945 in
2447 2898 2591 2946 calce

390 2959 635 3022 leguntur
658 2974 831 3009 versus
854 2959 1059 3024 quidam
1080 2959 1181 3006 alio
1202 2959 1320 3008 loco
1341 2957 1622 3008 inserendi.

1390 3083 1610 3135 NOTAE

459 3199 555 3246 334
588 3193 787 3256 Duplici
807 3192 932 3256 vita]
977 3193 1082 3241 Seu
1106 3190 1295 3254 duplici
1317 3189 1458 3238 fama
1603 3194 1698 3238 335
1731 3191 1999 3254 Legendus]
2031 3192 2096 3241 Iu
2116 3191 2284 3243 Libris
2309 3193 2375 3242 ob
2397 3193 2592 3244 doctri-
2669 3215 2674 3222 ·

393 3280 483 3322 aut
504 3273 713 3332 merito,
744 3270 991 3320 doctrinae
1014 3267 1214 3316 scilicet
1234 3272 1290 3314 et
1323 3265 1456 3314 Cou—
1535 3279 1672 3328 nam,
1689 3265 1742 3314 in
1764 3266 1934 3315 Fastis
1955 3267 2022 3316 ob
2047 3269 2397 3318 Consulatum.

394 3349 607 3411 sulatum,
629 3354 717 3395 eat
737 3345 788 3393 in
810 3359 995 3408 aevum,
1030 3343 1125 3390 hoc
1158 3347 1257 3402 est,
1284 3353 1458 3388 conse·
1601 3344 1698 3388 338
1733 3341 1986 3405 Trabeam]
2038 3342 2306 3405 Perpetua
2351 3344 2596 3393 Consula-

394 3431 572 3474 cretur
590 3421 874 3471 aeternitati
892 3419 1117 3470 omnium
1130 3417 1454 3466 saeculorum.
1534 3420 1620 3464 tus
1639 3428 1866 3479 purpura
1889 3415 2214 3466 venerabilis.

395 3498 504 3548 Alii
524 3499 705 3562 legunt
726 3495 903 3559 duplici
940 3496 1083 3556 eiua,
1116 3492 1263 3557 quasi
1290 3491 1456 3540 Theo·
1599 3493 1698 3538 339
1729 3490 2010 3554 Servatoque
2035 3491 2198 3540 ordine
2224 3491 2353 3554 foti]
2409 3493 2504 3566 ‘Ne
2537 3492 2596 3542 fi.

393 3573 547 3621 dorus
570 3573 639 3622 sit
664 3571 917 3620 Sacerdos
944 3567 1147 3633 quidam
1184 3565 1363 3630 gloriae
1398 3573 1453 3613 et
1534 3567 1632 3614 lius
1649 3565 1900 3614 moriatur
1921 3572 2043 3615 ante
2066 3573 2265 3630 patrem
2287 3583 2298 3616 ε
2321 3567 2455 3631 quod
2473 3583 2596 3620 cum.

394 3647 723 3708 aeternitatis,
792 3660 942 3710 quam
1000 3647 1343 3705 consequatur
1399 3645 1453 3688 et
1534 3641 1748 3703 accidit,
1789 3639 1902 3690 fieri
1923 3642 2114 3692 dieitur
2135 3643 2152 3670 ‘
2180 3641 2390 3692 turbato
2412 3643 2594 3696 ordine

292 3713 295 3716 ⁴
395 3724 638 3774 doctrina
675 3731 732 3772 et
765 3722 1069 3782 Consulatu,
1110 3717 1297 3782 quibus
1333 3729 1452 3764 con·
1532 3716 1898 3766 mortalitatis!

386 3800 587 3864 junctis
632 3799 1037 3863 promittebatur
1078 3793 1452 3846 immortalitas.
1601 3795 1696 3842 340
1733 3792 2042 3854 Numer-etur]
2093 3793 2388 3842 Posteritas
2419 3795 2594 3843 Mallii

394 3876 675 3926 Consulum
718 3875 855 3924 enirn
898 3872 1105 3924 nomina
1143 3883 1349 3932 semper
1400 3868 1455 3916 in
1533 3872 1834 3916 numeretur
1886 3882 1982 3930 per
2032 3867 2303 3928 Consules,
2355 3867 2490 3917 adeo
2535 3874 2594 3917 ut

394 3951 561 4002 Fastis
581 3950 908 4014 legebantur,
926 3955 983 3998 et
1003 3947 1274 3997 doctorum
1296 3943 1455 3994 nomi-
1536 3955 1718 3992 omnes
1739 3941 1911 3992 Mallii
1929 3948 2146 4007 nepotes
2177 3941 2282 3992 sint
2313 3942 2434 3992 olim
2456 3942 2594 3994 Con·

392 4043 463 4079 na
482 4041 688 4093 semper
705 4027 987 4092 loquuntur
1008 4021 1259 4073 historiae.
1532 4017 1687 4068 sules.
