3184 4967
570 403 661 469 92

572 560 775 626 Nunc
802 562 934 624 alio
963 558 1239 623 Domini
1264 558 1422 623 telis
1452 558 1760 640 Pythone
1791 560 2089 639 peremto

1284 416 1400 464 cn.
1448 406 1878 464 CLAUDIAM
1930 412 2046 462 111.

2682 553 2770 617 15

658 662 991 727 Convenit
1022 660 1107 724 ad
1139 670 1437 723 nostram
1470 678 1669 723 sacra
1698 666 1968 723 caterva
1989 658 2219 741 lyram,

572 762 711 843 Qui
741 764 1048 827 stabilem
1080 768 1352 825 servant
1379 760 1710 842 Augustis
1741 760 2062 824 fratribus
2093 760 2360 841 orbem3

655 866 703 930 J
706 867 941 929 ustitia
968 883 1229 946 pacem,
1260 863 1520 927 viribus
1554 881 1742 925 arma
1769 868 2032 943 regunt.

567 1012 791 1062 Astraeoe.
858 1010 1044 1061 Rufino
1065 1011 1211 1059 velut
1232 1010 1382 1058 altero
1407 1010 1623 1073 Pythone
1642 1010 1790 1058 occiso
1809 1008 2004 1071 sagittis
2036 1008 2358 1071 Imperatoris,
2389 1012 2534 1057 coetns
2552 1011 2770 1057 sacratus

566 1091 837 1140 procerum
873 1074 1065 1139 confluit
1084 1076 1147 1123 ad
1168 1079 1333 1123 cantus
1352 1080 1555 1133 nostros,
1590 1074 1675 1137 qui
1711 1087 1955 1137 proceres
1991 1078 2262 1121 conservant
2298 1074 2518 1121 mundum
2541 1073 2768 1137 firmum,

554 1141 799 1201 fratribus
820 1137 1207 1203 Imperator-ibus,
1228 1144 1277 1187 et
1297 1144 1468 1201 regunt
1482 1153 1642 1201 pacm
1663 1139 1904 1201 «equitate,
1925 1136 2044 1185 bella
2052 1136 2362 1197 fortitudine.

1493 1262 1581 1281 CN
1584 1260 1701 1281 Um
1704 1260 1789 1280 ‘u
1792 1240 1850 1281 ³0

568 1334 636 1383 al.
660 1332 905 1383 Heinsius
922 1332 1221 1395 conjecerat
1240 1334 1555 1380 marm—16
1587 1334 1792 1378 cestrum
1808 1330 1930 1378 Vat.
1955 1328 2123 1393 quint.
2143 1342 2274 1377 unus
2291 1328 2638 1378 Euthia—1⁷
2670 1342 2768 1377 ser·

566 1412 682 1447 vans
702 1398 1047 1446 Famem—18

1075 1396 1207 1459 pacis
1229 1393 1407 1443 Ambr.
1427 1400 1550 1443 tert.
1574 1394 1662 1457 qui
1679 1400 1736 1442 et
1757 1395 1947 1443 cudunt.
1972 1398 2138 1455 tegunt
2157 1394 2238 1441 vel
2261 1394 2434 1442 cadunt
2457 1392 2638 1442 Ambr.
2659 1406 2764 1442 sec.

569 1462 731 1511 Oisel.
770 1461 959 1510 Petav.
992 1467 1117 1510 tert.
1140 1460 1266 1521 regit
1286 1460 1416 1509 Exc.
1439 1460 1658 1508 Lucem.
1683 1458 1897 1506 Far-nes.
1936 1472 1966 1506 a
1987 1471 2055 1506 m.
2077 1470 2184 1507 sec.
2203 1462 2379 1519 gerunt
2399 1458 2524 1507 Var.
2555 1458 2661 1507 LL.
2679 1456 2765 1507 ed.

571 1522 732 1575 Antv.

633 1690 693 1735 15
729 1685 947 1747 Domini]
1011 1684 1368 1747 Imperatoris.
1410 1682 1628 1734 Domini

570 1760 973 1825 appellationem
996 1766 1054 1808 ut
1074 1758 1405 1808 maledictum
1439 1764 1495 1807 et
1532 1772 1625 1821 op-

566 1835 830 1900 probrium
878 1849 1083 1898 semper
1127 1834 1394 1884 exhorruit
1425 1833 1626 1897 Augus·

568 1918 681 1970 ωας
737 1917 1015 1975 sequentes
1058 1910 1427 1977 Imperatores,
1467 1912 1627 1961 etiam

566 1988 709 2049 boni,
735 1995 1059 2051 receperunt.

632 2064 873 2127 Pythone]
938 2064 1147 2127 Rufino,
1168 2066 1255 2130 qui
1276 2071 1337 2114 ut
1364 2067 1499 2116 alter
1520 2066 1628 2131 Py-

568 2139 690 2188 thon
714 2142 884 2189 omnis
904 2139 1200 2191 infestabat.
1234 2143 1418 2205 Neque
1438 2157 1627 2193 novum

568 2222 651 2265 est
688 2216 945 2265 hominem
994 2216 1271 2278 pessimum
1326 2230 1628 2279 comparare

566 2290 821 2354 serpenti.
887 2291 1073 2340 Cicero
1108 2291 1175 2339 de
1208 2290 1450 2340 Vatinio:
1486 2293 1503 2321 ⁶
1527 2292 1627 2354 Te,

568 2373 809 2430 tanquam
851 2380 1062 2428 serpens
1104 2380 1135 2413 e
1177 2364 1425 2429 latibulis,
1464 2365 1630 2415 oculis

1558 1582 1775 1637 NOTAE

1770 1685 1835 1730 1⁶
1865 1680 2016 1731 Sacra
2037 1682 2250 1745 caterva]
2283 1682 2588 1745 Procerum,
2609 1681 2768 1731 Sena.-

1705 1762 1792 1806 tus
1833 1756 2057 1820 scilicet,
2100 1758 2187 1821 qui
2231 1757 2440 1807 canemi
2483 1756 2768 1807 Claudiano

1705 1830 1906 1881 favent.

1770 1913 1833 1958 17
1869 1908 1968 1964 Qui
1987 1906 2204 1958 stabilem
2224 1912 2431 1967 servant,
2461 1906 2568 1971 qm]
2631 1906 2766 1957 Pro-

1705 1997 1849 2033 ceres
1869 1984 2092 2033 Senatus
2115 1990 2428 2032 conservant
2445 1982 2662 2044 Orbem,
2682 1996 2766 2031 ve·

1704 2060 1802 2109 luti
1825 2066 2027 2110 tutores
2049 2061 2428 2124 Imperatorum
2451 2060 2670 2111 Arcadii
2707 2066 2766 2108 et

1708 2136 1945 2201 Honorii‚
1974 2138 2062 2201 qui
2093 2136 2280 2201 pupilli
2319 2136 2488 2187 relicti
2509 2135 2718 2186 fuerant
2735 2150 2767 2184 a

1703 2213 1996 2262 Theodosio
2017 2218 2189 2276 patre.

1769 2289 2007 2351 Augustis
2025 2287 2286 2351 fratribus]
2330 2286 2559 2337 Arcadio
2583 2294 2639 2338 et
2655 2286 2767 2337 Ho-

1706 2363 1869 2414 norio.
1935 2363 2190 2413 Octavius
2225 2364 2401 2412 Caesar
2430 2363 2626 2427 primus
2657 2362 2769 2413 Au-

1705 2446 1883 2503 gustus
1923 2448 2156 2502 vocatus,
2183 2439 2248 2489 ab
2287 2453 2350 2488 eo
2383 2440 2548 2489 ceteri
2587 2452 2764 2488 omnes

1705 2517 2056 2581 Imperatores
2077 2518 2302 2583 Augusti
2320 2524 2440 2568 sunt
2461 2518 2731 2583 appellati.

568 2440 931 2504 eminentibus,
976 2439 1155 2490 inflato
1210 2441 1360 2504 collo,
1416 2442 1627 2491 tumidis

568 2515 860 2567 cervicibus
880 2515 1139 2567 intulisti.'

1578 2813 1737 2887 111.

656 2980 824 3057 CL.
874 2980 1474 3057 CLAUDIANI
1525 2982 1646 3058 IN
1702 2984 2249 3061 RUFINUM.
2324 2982 2540 3061 LIB.
2593 2983 2666 3058 Ι.

1337 3161 1987 3217 ARGUMENTUM.

550 3282 555 3287 ·
629 3253 1014 3303 Pnosrzmus
1038 3250 1387 3314 improborum
1423 3252 1763 3303 Claudianum
1795 3253 2084 3314 inducebat,
2117 3253 2182 3303 de
2211 3252 2553 3304 Providentia
2587 3255 2764 3307 diviua
2809 3310 2819 3319 ,

565 3332 826 3394 dubitare,
851 3332 1019 3381 vetuit
1038 3347 1191 3395 poena
1216 3331 1409 3381 Rufini.
1450 3333 1621 3397 Hujus
1641 3335 1752 3399 haic
1774 3336 1918 3399 origo
1941 3334 2158 3387 Poe'tice
2181 3333 2512 3386 describitur.
2551 3334 2764 3399 Alecto,

564 3412 858 3462 convocatis
880 3411 1155 3473 sororibus,
1174 3412 1471 3475 indignatur
1503 3412 1570 3461 de
1592 3412 1753 3463 Orbis
1775 3413 2166 3479 tranquillitate.
2232 3413 2402 3463 Furiae
2441 3416 2764 3477 assentiuut3

564 3493 801 3556 Megaera
823 3492 1079 3555 promittit
1096 3498 1379 3541 monstrum
1398 3506 1456 3542 se
1478 3491 1712 3555 dignum,
1751 3492 1990 3543 Rufinum
2013 3493 2230 3554 scilicet,
2264 3492 2520 3543 bominem
2556 3486 2763 3545 teterri-

563 3587 721 3623 mum.
786 3574 927 3637 Ergo
950 3573 1065 3636 ipsa
1082 3572 1134 3622 in
1156 3587 1331 3622 senem
1353 3586 1624 3635 conversa,
1641 3574 1777 3622 hunc
1799 3580 1985 3624 evocat
2007 3588 2074 3622 ex
2095 3574 2284 3637 Gallia,
2328 3574 2563 3623 immittit
2583 3574 2636 3624 in
2659 3575 2762 3625 Pa-

563 3652 742 3701 latium
763 3653 1058 3702 Theodosii.
1125 3652 1229 3701 Hic
1254 3659 1467 3702 exercet
1490 3653 1843 3716 ambitionem,
1867 3653 2095 3716 fraudes,
2116 3654 2405 3716 avaritiam,
2425 3655 2622 3717 luxum,
2645 3670 2763 3706 cru·

564 3727 854 3793 delitstem‚
877 3739 932 3782 et
953 3733 1124 3783 omnia
1144 3734 1362 3783 scelera.
1406 3733 1483 3783 At
1505 3741 1786 3786 monstrum
1807 3734 2010 3784 invadit
2037 3734 2276 3797 Stilicho,
2298 3735 2473 3784 Marte
2495 3734 2682 3800 fretus,
2705 3743 2762 3787 et

561 3811 691 3861 illud
714 3812 896 3861 accitis
918 3812 1043 3861 licet
1067 3813 1297 3861 barbaris
1336 3813 1588 3863 munitum
1614 3813 1872 3878 profligat.
1939 3815 2174 3877 Megaera
2213 3816 2326 3878 ejus
2361 3816 2640 3866 sceleribus
2673 3830 2761 3865 ex-

562 3893 756 3955 ultans,
789 3893 1005 3942 insultat
1034 3893 1297 3952 Justitiae3
1329 3894 1441 3942 haec
1466 3894 1689 3946 vicissim
1727 3894 2012 3959 Megaeram
2049 3895 2252 3955 irridet,
2289 3895 2586 3959 praevideus
2618 3911 2762 3949 mom.

560 3979 723 4025 strum
744 3987 861 4023 mox
878 3988 991 4025 esse
1012 3974 1362 4036 mactandum,
1384 3981 1441 4023 et
1462 3974 1581 4023 inde
1605 3975 1850 4025 saeculum
1874 3989 2083 4025 aureum
2108 3975 2379 4039 promittit.

627 4184 691 4231 In
713 4183 957 4249 Rufinam]
1016 4161 1087 4234 'de
1110 4184 1299 4234 Rufino
1317 4185 1618 4237 meuserit.
1645 4186 1758 4236 Lib.
1782 4199 1862 4235 ιι.
1888 4186 2117 4249 Tripert.
2143 4185 2286 4235 Hist.
2308 4186 2492 4237 fluidas
2514 4186 2568 4236 in
2608 4188 2757 4238 ιιιω-

562 4247 717 4299 aonium
732 4254 790 4297 et
812 4248 1025 4315 Rufinus.
1060 4248 1187 4314 Gyr.
1217 4249 1419 4316 Rufinus
1436 4250 1666 4319 Aradium,
1702 4251 1866 4301 Comes
1899 4250 2114 4303 Orientis
2142 4256 2459 4305 memoratur
2483 4249 2756 4307 Ammiano
