3184 4967
555 351 644 417 40
1364 365 1925 416 Paonncoumm

555 512 977 596 quibusdam,
1009 533 1158 598 quae
1189 511 1380 575 Statii
1423 511 1653 594 Sylvis
1682 511 2109 588 continentur,
2152 511 2415 595 illisque
2452 509 2741 578 Ausonii

555 617 976 690 carminibus»,
1023 635 1174 696 quae
1205 615 1329 677 sub
1359 615 1588 676 eodem
1616 616 1877 678 nomine
1906 615 2285 690 venduntur,
2324 615 2749 680 continentia.

555 715 826 780 Habent
852 718 978 779 hoc
1025 717 1383 798 peculiare,
1405 715 1584 800 quod
1615 735 1751 778 rem
1784 716 2098 800 aliquam,
2118 717 2223 779 vel
2252 718 2469 780 minus
2496 722 2747 792 notam,

552 819 659 882 vel
687 819 1194 894 memorabilem,
1223 822 1586 899 exponunt,
1634 823 1749 882 aut
1776 817 2027 899 aliquid
2054 817 2167 880 vel
2196 835 2239 880 a
2262 823 2496 880 natura
2524 818 2631 881 vel
2660 819 2747 880 ab

553 924 690 983 arte
720 919 1080 1001 profectum
1111 918 1517 983 describunt.
1610 919 1688 981 In
1718 924 1859 983 toto
1885 920 2011 982 hoc
2040 939 2269 1001 genere
2298 919 2551 1001 saepius
2568 920 2747 984 acci-

549 1021 671 1097 dit,
704 1028 776 1083 ut
797 1021 1018 1104 poetae
1048 1022 1370 1104 pictorum
1393 1020 1615 1084 officia
1656 1028 1722 1084 et
1768 1039 2007 1084 munus
2034 1027 2381 1103 occupent,
2428 1021 2499 1083 in
2536 1039 2747 1103 eoque

549 1123 986 1205 nequicquam
1013 1122 1332 1198 laborent,
1355 1123 1535 1206 quod
1552 1122 1840 1206 poeseos
1870 1124 2039 1186 ratio
2058 1142 2187 1186 non
2216 1123 2433 1205 possit
2459 1121 2745 1186 efficere.

554 1221 940 1306 Descriptio
968 1224 1143 1287 >enim
1192 1224 1476 1307 alicujus
1519 1226 1616 1286 rei
1642 1225 1864 1288 verbis
1894 1225 2217 1296 instituta,
2242 1243 2394 1306 quae
2434 1243 2745 1288 necessa-

548 1326 654 1388 rio
679 1325 753 1388 fit
781 1325 1080 1407 partibus
1113 1325 1262 1388 aliis
1315 1331 1473 1407 post
1517 1326 1689 1390 alias
1720 1324 2099 1407 descriptiS,
2148 1343 2425 1407 quarum
2446 1325 2743 1406 priorum

547 1425 868 1506 imag-ines
896 1428 1006 1490 vel
1033 1427 1260 1491 deletae
1291 1432 1442 1490 sunt
1469 1428 1574 1490 vel
1604 1428 2023 1491 obscuriores
2056 1427 2255 1490 factae
2283 1426 2489 1508 prim,
2536 1443 2737 1509 quam

549 1529 776 1592 ordine
806 1529 894 1592 ad
920 1530 1314 1611 posteriores
1341 1525 1626 1606 veneris,
1676 1535 1815 1592 tam
1840 1530 2075 1594 vivida.
2098 1534 2167 1593 et
2205 1527 2543 1592 luculenta
2584 1545 2732 1590 esse

543 1630 724 1694 nullo
752 1631 951 1694 modo
980 1636 1223 1713 potest,
1272 1649 1474 1713 quam
1503 1630 1803 1712 ejusdem
1828 1632 2051 1712 imago
2076 1629 2489 1694 lineamentis
2518 1634 2587 1693 et
2628 1647 2741 1692 co·

544 1731 793 1794 loribus
822 1733 888 1794 in
917 1731 1142 1795 tabula
1167 1732 1396 1814 aliqua
1423 1751 1743 1815 expressa
1773 1731 2117 1814 oculisque
2142 1730 2476 1812 exposita.
2563 1728 2742 1793 Ima·

545 1834 811 1914 ginandi
839 1834 946 1895 vis
975 1834 1045 1896 in
1083 1833 1373 1898 ordinem
1421 1835 1615 1918 quasi
1661 1840 1903 1898 coacta
1948 1840 2016 1898 et
2060 1832 2383 1909 coErcita,
2427 1829 2739 1896 facultate

543 1933 748 1996 libere
777 1933 1012 2014 agendi
1041 1937 1342 2012 exclusa,
1372 1937 1712 2002 incassum
1737 1936 2001 2002 laborat
2020 1955 2103 2000 ea
2124 1937 2417 2016 repetere
2438 1951 2561 1996 seu
2584 1931 2740 1996 reti·

543 2054 720 2110 nere,
752 2053 906 2119 quae
949 2036 1094 2119 jam
1143 2039 1442 2102 extincta
1487 2045 1643 2103 sunt
1692 2059 1811 2103 seu
1856 2043 2288 2115 evanescunt,
2335 2040 2537 2118 atque
2588 2032 2741 2096 inde

540 2134 756 2216 frigus
783 2137 1020 2201 animis
1049 2138 1362 2216 oboritur,
1413 2139 1597 2222 quod
1646 2141 1750 2204 vel
1804 2138 2365 2224 splendidissimae
2410 2135 2735 2202 dictiones

540 2253 674 2299 non
702 2243 984 2318 possunt
1013 2236 1381 2304 defendere.
1472 2237 1803 2306 Videntur
1826 2243 1973 2307 haec
2004 2241 2298 2306 carmina
2340 2237 2425 2302 ad
2474 2255 2561 2299 ea
2588 2254 2739 2317 per·

539 2337 764 2416 tinere,
794 2339 864 2401 in
892 2339 1136 2421 quihus
1166 2342 1550 2425 plerumque
1593 2343 1841 2425 ingenii
1870 2343 2231 2424 periculum
2259 2341 2576 2412 facerent,
2620 2336 2739 2418 qui

542 2439 842 2502 versibus
871 2441 1240 2504 scribendis
1263 2461 1538 2524 operam
1579 2445 1737 2508 dare
1762 2445 2195 2519 instituerent,
2242 2447 2357 2506 aut
2376 2440 2523 2523 jam
2548 2453 2739 2502 exer-

541 2541 731 2604 citati
769 2543 838 2604 in
879 2541 1008 2605 hac
1035 2562 1106 2606 re
1132 2544 1338 2608 otium
1384 2545 1697 2610 fallerent.
1787 2545 2104 2611 Fortasse
2150 2543 2353 2607 etiam
2379 2541 2511 2604 hoc
2530 2557 2739 2622 genus

539 2641 608 2704 in
628 2643 1206 2722 grammaticorum
1229 2646 1472 2710 scholis
1499 2651 1727 2710 natum
1752 2652 1876 2726 est,
1899 2665 2053 2712 cum
2074 2644 2369 2728 magistri
2388 2639 2739 2724 discipulis

537 2761 677 2805 rem
709 2746 1022 2827 aliquam,
1071 2766 1114 2809 a
1141 2751 1362 2810 vetere
1389 2748 1621 2829 aliquo
1641 2747 1847 2830 poeta
1872 2747 2111 2832 paucis
2138 2749 2393 2810 tantum
2435 2740 2737 2806 versibus

539 2849 910 2923 tractatam,
935 2847 1344 2924 imitandam,
1391 2847 1799 2924 variandam,
1824 2849 2136 2930 omnique
2158 2846 2413 2910 ratione
2440 2841 2741 2924 locuple·

537 2946 808 3010 tandam
837 2954 1298 3030 proponerent.
1387 2947 1573 3012 Hinc
1602 2967 1645 3012 a
1672 2948 1895 3031 poetis
1923 2949 2425 3023 recentioribus,
2471 2943 2737 3027 ingenio

536 3065 674 3112 non
721 3049 1074 3113 admodum
1123 3049 1637 3128 abundantibuS,
1687 3049 1814 3116 sed
1856 3051 2175 3116 sermonis
2200 3097 2205 3102 -
2226 3047 2479 3132 poetici
2530 3051 2739 3112 artem

536 3151 748 3231 probe
777 3149 1060 3228 edoctis,
1113 3156 1430 3216 retentum
1469 3158 1574 3217 est
1604 3153 1957 3237 studioque
2010 3152 2329 3235 singulari
2378 3149 2737 3220 excultum.

539 3249 1012 3316 Nan-ationem
1043 3254 1334 3319 continet
1357 3256 1643 3337 primum
1672 3273 1956 3333 carmen,
2004 3254 2184 3338 quod
2212 3253 2607 3336 inscriptum
2634 3254 2739 3314 est

540 3347 810 3414 Phania*
827 3376 851 3422 ,·
894 3359 961 3419 et
987 3356 1361 3438 septimum,
1408 3358 1480 3422 in
1503 3358 2027 3440 quo'ssexponitur
2056 3356 2239 3439 pium
2265 3353 2527 3418 facinus
2570 3351 2734 3414 duo·

507 3471 678 3526 ,rum
701 3453 992 3533 fratrum,
1023 3458 1140 3539 qui
1167 3463 1476 3540 parentes
1509 3477 1667 3524 suos
1700 3478 1887 3524 senes
1918 3459 1985 3523 in
2018 3459 2241 3522 AEtnae
2266 3456 2507 3520 montis
2536 3471 2734 3534 erup-

533 3555 711 3619 tione
737 3557 1026 3622 humeris
1047 3560 1351 3624 sublatos
1371 3567 1734 3629 servarunt.
1825 3561 2121 3645 Reliqua
2140 3560 2252 3623 vel
2280 3577 2419 3622 rem
2442 3556 2736 3640 aliquam

537 3656 944 3742 describunt,
994 3663 1104 3725 vel
1145 3665 1705 3730 narratiunculam
1732 3663 2157 3746 descriptioni
2208 3661 2589 3746 adjunctam
2612 3657 2735 3722 ha·

533 3759 708 3822 bent-
771 3759 1166 3845 Quanquam
1195 3785 1476 3830 acumen
1497 3768 1881 3850 quaesitum,
1910 3765 2229 3828 doctrinae
2259 3761 2638 3837 ostentatio,
2666 3765 2735 3825 et

532 3859 994 3928 miraculorum
1051 3865 1346 3929 studium
1403 3867 1474 3928 in
1515 3868 1821 3932 omnibns
1868 3885 1940 3930 se
1998 3870 2302 3930 exserat:
2373 3870 2617 3939 tamen,
2672 3861 2733 3926 si

533 3981 758 4028 verum
786 3964 1126 4030 fatendum
1151 3973 1278 4045 est,
1308 3969 1454 4032 haec
1484 3983 1698 4051 parva
1724 3969 2019 4033 carmina
2043 3967 2179 4031 illis
2204 3965 2637 4048 longioribuS,
2664 3963 2733 4027 in

535 4065 780 4147 quibus
809 4069 1027 4133 rhetor·
1047 4087 1122 4132 se
1145 4067 1380 4152 jactat,
1426 4072 1620 4153 longe
1646 4076 1968 4154 praestare
1988 4069 2307 4134 videntur.
2396 4065 2731 4141 Colorem,

535 4185 668 4249 quo
707 4167 957 4234 scholae
985 4171 1354 4259 infecerunt
1375 4171 1668 4257 poetam,
1710 4173 1913 4238 etiam
1941 4172 2145 4236 iri-his
2174 4170 2437 4250 videa83
2482 4167 2731 4251 1)ηοί-
