3184 4967
1105 418 1186 473 m
1235 422 1348 472 cr..
1393 420 1931 471 anumAmm.
2526 406 2616 474 2⁴7

414 573 544 645 tur,
575 586 725 651 quae
751 566 838 631 ad
881 567 998 631 illa
1027 558 1345 645 carmina,
1399 569 1645 651 quibus
1673 588 1845 633 nunc
1888 566 2144 652 praefigi
2172 567 2401 645 solent,
2426 568 2616 633 nullo

415 668 622 749 modo
651 670 994 751 pertinent.
1084 669 1367 733 Carmen
1397 672 1669 753 quidem
1690 687 1791 733 ιν.
1820 670 1999 755 quod
2018 672 2085 734 in
2102 670 2313 733 fronte
2342 666 2615 737 secundi

411 769 483 833 in
539 765 852 835 Rufinum
902 771 1217 834 carminis
1257 772 1657 835 collocatum
1696 772 2023 849 videmuS,
2054 771 2141 835 ad
2171 770 2301 834 hoc
2340 769 2609 835 minime

419 878 691 954 spectat,
716 872 1276 955 quemadmodum
1311 873 1456 956 jam
1481 873 1796 937 Barthius
1836 878 2013 937 recte
2056 873 2468 949 observavit,
2498 893 2615 941 ne·-

419 994 546 1055 que
575 975 792 1055 magis
823 974 908 1038 ad
935 975 1118 1038 aliud
1149 976 1614 1059 quodcumque
1642 996 1893 1054 eorum,
1943 995 2096 1059 quae
2142 983 2408 1039 servata
2438 981 2613 1040 sunt.

413 1068 597 1151 Qun,
627 1076 762 1139 nisi
791 1076 1018 1138 omnia
1055 1094 1178 1140 nos
1207 1074 1462 1154 fallunt,
1493 1077 1558 1139 ei
1586 1077 1862 1139 carmini
1889 1077 2249 1159 praelusum
2278 1081 2404 1153 est,
2436 1076 2615 1159 quod

416 1177 764 1240 victoriam
808 1175 892 1239 de
923 1174 1116 1239 Getis
1143 1194 1182 1239 a
1201 1176 1564 1240 Stilichone
1596 1178 1666 1239 in
1696 1177 1973 1242 Graecia
1997 1184 2410 1260 reportatam
2442 1179 2613 1241 cele·

418 1278 678 1354 brabat,
700 1277 785 1340 ad
816 1296 1018 1359 quam
1063 1296 1196 1341 non
1224 1296 1355 1340 uno
1373 1279 1440 1340 in
1466 1278 1619 1341 loco
1666 1277 2073 1342 Claudianus
2112 1280 2371 1344 alludit.
2462 1279 2615 1345 Nec

419 1375 738 1442 credibile
784 1385 906 1455 est,
950 1378 1239 1460 poetam,
1289 1380 1409 1461 qui
1437 1380 1661 1443 victos
1718 1380 1805 1443 ad
1852 1380 2248 1444 Pollentiam
2296 1382 2614 1445 barbaros

419 1480 690 1555 cecinit,
722 1479 905 1542 illam
933 1478 1194 1542 cladem
1231 1479 1424 1543 Getis
1454 1479 1707 1543 illatam
1750 1481 2017 1545 silentio
2074 1481 2612 1563 praetermisisse,

418 1602 575 1645 cum
603 1588 736 1646 tam
784 1580 1075 1662 amplam
1125 1580 1436 1651 laudandi
1487 1581 1873 1647 Stilichonis
1924 1584 2276 1647 materiam
2324 1583 2615 1665 praebere

417 1682 763 1766 potuisset.
853 1680 936 1744 In
967 1681 1094 1745 hoc
1125 1680 1364 1746 Musas
1392 1683 1685 1761 invocat,
1729 1692 1794 1749 et
1828 1682 2215 1767 Apollinem
2260 1686 2504 1767 ipsum,
2544 1687 2621 1753 ut

417 1802 565 1846 suae
597 1783 778 1845 sedis
807 1781 1219 1846 defensorem
1249 1789 1575 1860 coronent,
1606 1784 1839 1849 deinde
1878 1788 2327 1869 argumentum
2380 1784 2617 1849 carmi-

416 1885 523 1947 nis
551 1884 842 1967 majoriS,
867 1884 1044 1965 quod
1073 1885 1350 1948 subinde
1377 1886 1771 1951 recitaturus
1800 1894 1925 1964 est,
1945 1888 2277 1971 proponit,
2302 1886 2615 1950 Stilicho-

367 1984 378 1988 *
411 2005 698 2068 nemque
723 1993 936 2068 rogat,
969 1993 1042 2049 ut
1072 1986 1330 2050 canenti
1358 1986 1488 2052 sibi
1514 2006 1706 2053 aures
1735 1990 2053 2070 praebeat.
2142 1988 2373 2051 Sermo
2400 2004 2611 2069 purus

417 2092 518 2151 est
545 2093 609 2150 et
637 2092 918 2165 comtuS,
969 2108 1184 2170 neque
1210 2094 1439 2153 ornatu
1484 2110 1697 2173 neque
1722 2091 2027 2153 doctrina
2054 2088 2377 2152 molestus
2400 2106 2419 2167 ;
2466 2106 2615 2151 sen-

415 2190 638 2253 tentiae
697 2208 831 2253 non
885 2209 1172 2273 operose
1228 2191 1560 2273 quaesitae,
1610 2190 1731 2255 sed
1784 2192 1892 2271 ab¹
1926 2190 2081 2273 ipsa
2124 2209 2197 2253 re
2251 2194 2613 2270 suggestae.

419 2289 710 2371 Propter
756 2292 1031 2355 nimium
1075 2299 1405 2357 tumorem
1446 2294 1667 2357 minus
1709 2294 1933 2376 placet
1991 2310 2255 2357 carmen
2312 2306 2392 2352 11.
2432 2288 2615 2371 quod

413 2390 635 2453 forsan
662 2392 1167 2474 interpolatione
1219 2394 1507 2457 laborat.
1593 2392 1640 2457 J
1642 2393 1973 2457 ucundam
2003 2412 2269 2475 quoque
2313 2390 2619 2454 similitu·

417 2490 632 2555 dinem
657 2494 950 2557 continet
970 2510 1070 2557 vt.
1090 2494 1288 2557 modo
1317 2494 1759 2570 obliviscaris,
1783 2495 2001 2557 Deum
2020 2494 2205 2557 illum
2228 2490 2614 2554 Honorium

415 2580 650 2669 fuisse,
696 2594 1068 2674 puerulum,
1098 2594 1516 2657 undecimum
1553 2596 1676 2658 vix
1722 2594 1949 2658 aetatis
1992 2596 2242 2656 annum‘
2284 2596 2611 2671 agentem.

417 2692 729 2773 Dignitas
757 2710 910 2755 cum
940 2695 1264 2756 suavitate
1293 2694 1548 2774 egregie
1582 2696 1819 2777 juncta
1846 2701 1953 2757 est
1975 2694 2040 2756 in
2082 2693 2373 2755 carmine
2393 2708 2494 2755 ιχ.
2524 2695 2616 2767 et,

413 2795 478 2857 si
505 2793 666 2877 quid
687 2782 948 2878 judico,
991 2795 1122 2877 ipsi
1151 2795 1608 2877 epithalamiO,
1640 2796 1755 2859 cui
1781 2794 2135 2878 praefixum
2166 2798 2288 2871 est,
2318 2792 2485 2856 illud
2516 2794 2616 2855 est

414 2882 972 2977 anteponendum.
1062 2894 1292 2957 Minus
1322 2896 1544 2976 placet
1592 2915 1853 2958 carmen
1896 2911 2063 2959 xv1.
2092 2899 2360 2976 propter
2384 2892 2617 2957 simili-

415 2994 712 3059 tudinem
741 2996 936 3060 nimis
976 2997 1174 3077 longe
1226 2998 1589 3078 quaesitam
1632 3016 1853 3078 neque
1884 2996 2055 3059 satis
2086 2994 2611 3059 convenientem.

413 3092 734 3161 Praefatio
761 3097 1068 3159 carminis
1117 3112 1338 3161 xvm.
1363 3116 1493 3159 non
1537 3097 1825 3178 amplius
1864 3100 2073 3171 extat,
2103 3113 2239 3179 qua
2266 3099 2507 3171 tamen,
2536 3096 2613 3158 ut

417 3216 508 3261 ex
537 3197 890 3262 Claudiani
944 3198 1421 3261 consuetudine
1465 3197 1777 3277 colligere
1805 3214 2184 3280 possumuS,
2219 3195 2613 3285 destitutum

416 3317 554 3363 non
582 3302 734 3365 fuit.
766 3300 984 3365 Etiam
1013 3301 1377 3364 secundum
1407 3301 1476 3363 in
1502 3300 1891 3382 Eutropium
1923 3300 2385 3382 praelusionem
2414 3297 2614 3360 habet

416 3402 573 3484 ipso
630 3402 922 3465 carmine
965 3401 1154 3483 longe
1204 3402 1574 3465 meliorem.
1666 3400 1947 3465 Carmen
1980 3416 2212 3463 xxm.
2242 3418 2373 3462 non
2415 3398 2612 3463 tertio

355 3530 368 3543 ·
413 3502 590 3567 libro
617 3504 688 3567 in
719 3501 1179 3586 Stilichonem,
1203 3502 1322 3564 sed
1347 3503 1584 3583 prime,
1611 3499 2088 3581 praefigendum
2111 3499 2396 3574 videtur,
2421 3504 2492 3575 et
2522 3496 2612 3559 ad

417 3622 650 3667 omnes
691 3606 828 3665 tres
864 3601 1286 3683 pertinuisse,
1309 3619 1434 3663 nec
1465 3620 1553 3662 ex
1577 3616 1781 3662 xxu.
1823 3600 1973 3663 286.
1994 3618 2186 3679 seqq.
2214 3597 2443 3679 possis
2473 3597 2613 3659 col-

415 3704 640 3785 ligere,
673 3703 1108 3766 Stilichonem
1153 3699 1446 3763 nondum
1475 3698 1721 3761 Romae
1766 3698 1995 3773 fuisse,
2029 3716 2183 3761 cnm
2212 3696 2329 3759 illa
2358 3698 2608 3761 scribe-

414 3810 656 3869 rentur.
746 3802 906 3865 Non
937 3801 1199 3883 quidem
1237 3801 1651 3864 invenustum
1682 3804 1791 3863 est
1826 3818 2091 3862 carmen
2125 3813 2315 3861 xxv.
2348 3797 2468 3861 sed
2494 3818 2609 3863 ve·

413 3906 680 3968 nustius
733 3920 989 3967 xxvii.
1049 3904 1107 3965 si
1145 3902 1310 3965 illud
1359 3902 1603 3984 ipsum,
1632 3920 1767 3964 non
1818 3920 1968 3963 eum
2024 3898 2244 3976 simul,
2298 3899 2369 3962 in
2411 3918 2606 3982 quem

417 4006 742 4089 scriptum
799 4008 924 4081 est,
983 3996 1388 4067 consideres.
1479 4002 2065 4084 Elegantissimum
2117 4018 2279 4065 sane
2336 4015 2605 4066 xxxxi.

415 4091 813 4182 habendum,
844 4104 1026 4187 quod
1053 4102 1404 4189 principia,
1424 4105 1853 4180 incrementa,
1884 4108 1949 4168 et
1982 4102 2452 4186 perfectionem
2481 4120 2603 4167 na·-

415 4206 768 4290 ‘vigationis
799 4204 1041 4289 paucis
1084 4205 1390 4272 versibus
1417 4205 1908 4289 complectitur,
1954 4200 2079 4269 sed
2108 4203 2195 4269 ad
2236 4204 2497 4281 librum,
2532 4202 2605 4267 in
