3184 4967
503 383 643 483 ,³3⁰

514 546 932 631 AEthiopum‚
964 544 1305 628 cinxitque
1328 544 1521 607 novis
1552 542 1832 606 Atlanta
1858 502 2190 623 maniplis,

1182 402 1313 451 BL.
1362 400 1791 451 CLAUDIANI
1841 400 2006 449 vul.

512 646 905 731 virgineum
933 646 1219 710 Tritona
1236 648 1427 721 bibit,
1452 664 1856 731 sparsosque
1885 644 2151 707 venenis

516 750 887 831 Gorgoneis
914 749 1077 812 vidit
1102 748 1459 822 thalamOS,
1490 755 1561 811 et
1588 749 1723 810 vile
1750 748 2036 811 virentes

516 850 973 933 Hesperidum
1002 850 1176 927 risit,
1208 868 1380 932 quos
1404 849 1577 913 ditat
1605 849 1855 924 fabula,
1892 854 2135 910 ramos,

518 954 668 1021 Arx
692 953 965 1017 incensa
986 952 1034 1015 J
1036 953 1189 1016 ubae
1212 972 1227 1015 ε
1274 946 1497 1017 rabies
1530 952 1883 1015 Maurusia
1910 949 2082 1011 ferro

522 1054 793 1121 Cessit:
837 1060 903 1119 et
933 1055 1194 1136 antiqui
1216 1054 1575 1136 penetralia
1605 1052 1825 1117 diruta
1855 1051 2135 1115 Bocchi.

524 1158 657 1222 Sed
686 1158 921 1221 laudes
946 1160 1200 1240 genitor
1223 1157 1417 1239 longe
1436 1165 1885 1238 transgressus
1915 1156 2155 1230 avitaS,

524 1259 836 1324 Subdidit
866 1259 1209 1324 Oceanum
1238 1258 1542 1342 sceptris,
1584 1262 1656 1321 et
1681 1258 1972 1338 margine
2001 1256 2159 1318 coeli

520 1450 653 1497 novis
673 1452 907 1499 catervis:
936 1408 1121 1515 potavit
1148 1452 1349 1499 Tritona
1375 1450 1689 1512 Virginalem‚
1723 1456 1770 1499 et
1787 1449 1974 1512 aspexit
1999 1448 2174 1498 cubilia
2193 1448 2373 1508 infecta
2394 1450 2566 1497 veneno
2590 1446 2717 1495 Gor·

519 1528 687 1575 ganeo,
708 1520 755 1563 et
784 1515 942 1563 irrisit
964 1516 1154 1563 arbores
1178 1514 1515 1575 Hesperidum,
1536 1530 1654 1577 quas
1664 1514 1835 1575 fabula
1854 1516 2120 1577 locupletat,
2153 1514 2401 1561 habentes
2424 1512 2719 1561 viriditatem

521 1579 681 1629 vilem.
734 1578 987 1629 Castellum
1007 1580 1147 1629 Juboe
1169 1580 1455 1627 combustum
1476 1587 1585 1627 est:
1613 1576 1756 1639 furor
1783 1579 2128 1626 Maura-§iorum
2147 1592 2432 1641 cmpressus
2452 1583 2533 1625 est
2555 1576 2724 1636 armis,

523 1648 571 1689 et
590 1643 821 1705 palatium
842 1642 1014 1691 veteris
1037 1643 1214 1691 Bocchi
1235 1656 1442 1691 eversum
1474 1650 1571 1692 est.
1635 1645 1710 1692 At
1728 1648 1865 1705 pater
1888 1644 2085 1691 multum
2103 1642 2476 1703 supermissae-ta
2497 1641 2592 1699 avi,
2614 1638 2721 1687 sub-

511 1706 634 1765 jecit
658 1708 894 1755 Oceanum
914 1708 1082 1755 ditioni
1104 1722 1228 1766 suae,
1258 1712 1305 1756 et
1326 1707 1599 1756 terminavit
1637 1707 1892 1769 Imperium
1914 1707 2100 1771 finibus
2124 1707 2277 1755 Coeli:
2310 1710 2536 1769 quantum
2560 1704 2724 1751 Gades

1447 1842 1801 1862 OOOOOOOOOOO

528 1932 683 1988 Fam.
704 1938 950 1989 Heinsius
982 1940 1219 1989 obstiterit
1255 1941 1335 1989 vel
1367 1940 1564 1989 obsistat
1596 1940 1826 2005 conjicit.
1829 1946 1957 1991 —35
1991 1942 2180 1991 Achata
2217 1956 2312 2004 pro
2367 1940 2568 1988 Atlanta
2601 1939 2728 1987 Vur.

524 2004 635 2053 LL.
658 2004 741 2051 ed.
766 2002 924 2051 Antv.
955 2004 1095 2052 Jovis
1116 2020 1211 2066 pro
1233 2007 1364 2053 novis
1384 2006 1510 2053 Vat.
1547 2020 1625 2066 pr.
1655 2007 1790 2054 Farn
1794 2010 1937 2055 .-36
1979 2006 2254 2067 Vivgineum
2281 1997 2475 2055 Tritona
2497 2004 2725 2051 Gronov.

530 2070 580 2117 in
606 2068 735 2115 Exc.
774 2068 977 2117 Schotti
1016 2069 1347 2131 ascripserat.
1390 2070 1491 2117 vid.
1530 2071 1724 2119 Lucan.
1765 2071 1798 2118 Ι.
1823 2082 1903 2119 tx.
1952 2072 2078 2118 subit
2101 2070 2246 2119 Leid.
2295 2069 2562 2142 sparsisque
2576 2066 2726 2116 Med.

530 2124 700 2193 uuart.
702 2136 829 2181 —37
888 2132 1161 2194 Gorgoneos
1202 2146 1379 2183 omnes
1412 2134 1533 2185 Vat.
1566 2134 1682 2183 Pal.
1733 2135 1882 2184 Farn.
1922 2134 2063 2183 Prie.
2103 2134 2263 2183 Oisel.
2323 2123 2588 2192 Gorgoneis
2619 2129 2725 2179 inc.

529 2196 715 2245 Heius.
753 2194 937 2245 Ambr.
974 2211 1078 2245 sec.
1117 2204 1172 2245 et
1208 2197 1405 2246 Moret.
1444 2198 1567 2244 item
1591 2200 1717 2246 Var.
1749 2200 1850 2247 LL.
1892 2213 1921 2246 e
1965 2214 2125 2261 marg.
2167 2198 2340 2245 Parin.
2365 2198 2500 2260 quod
2540 2194 2730 2256 probat

531 2250 792 2309 Heinsius.
853 2260 961 2308 visit
994 2260 1110 2309 Pal.
1144 2261 1289 2309 Med.
1325 2276 1405 2323 pr.
1430 2262 1680 2311 Heinsius
1703 2262 1833 2325 legit
1869 2262 1999 2311 visit.
2053 2268 2108 2309 ut
2143 2263 2234 2309 tile
2264 2260 2408 2309 Med.
2443 2266 2565 2308 tert.
2616 2258 2730 2317 jure

532 2340 626 2387 pro
661 2324 753 2371 vile
794 2321 977 2373 Ambr.
1002 2338 1109 2374 sec.
1158 2325 1251 2373 rite
1272 2326 1394 2374 Pat.
1418 2340 1487 2375 m.
1510 2340 1596 2373 sec
1604 2331 1750 2375 .—38
1786 2327 2044 2387 Hesperios
2063 2326 2259 2375 Μαι-ει.
2281 2339 2360 2387 pr.
2417 2322 2732 2397 Hesperidum

530 2390 615 2435 vel
639 2387 894 2451 Hesperios
910 2389 1032 2437 Vat.
1056 2395 1228 2451 quart.
1261 2389 1388 2438 ditat
1410 2389 1555 2439 Med.
1577 2396 1700 2439 tert.
1724 2391 1826 2439 inc.
1850 2390 2034 2439 HeinS.
2059 2390 2188 2439 Exc.
2213 2390 2430 2437 Lucens.
2451 2402 2530 2450 pr.
2579 2386 2731 2435 dietat

531 2444 742 2579 'Elui-imi
781 2452 889 2513 alii,
932 2454 1061 2501 Exc.
1103 2452 1318 2501 Gevart.
1357 2456 1483 2503 Var.
1505 2453 1611 2503 LL.
1647 2454 1729 2502 ed.
1769 2453 1928 2502 Antv.
1969 2470 2037 2501 ιιι.
2063 2468 2142 2515 pr.
2197 2454 2324 2501 ditat
2347 2454 2428 2501 vel
2452 2450 2730 2499 dictatinc.

588 2530 697 2563 eins
752 2516 899 2572 ditat,
932 2531 1043 2578 quos
1063 2516 1174 2564 risit
1196 2517 1326 2566 Exc.
1367 2519 1514 2567 Voss.
1517 2519 1648 2565 —39
1684 2520 1783 2567 Aru
1819 2520 1941 2566 Vat.
1966 2526 2086 2565 tert.
2123 2518 2271 2567 Rott.
2297 2518 2524 2565 florent.
2546 2516 2732 2565 Petav.

530 2586 655 2630 tert.
682 2579 807 2630 Var.
833 2550 937 2628 LL.
960 2578 1045 2628 ed.
1074 2582 1230 2630 AntV.
1276 2583 1455 2633 intacta
1476 2584 1603 2629 Vat.
1631 2587 1749 2631 tert.
1775 2583 2007 2631 Florent.
2033 2582 2202 2631 Oxou.
2227 2595 2306 2642 pr.
2333 2572 2399 2630 r'n.
2424 2594 2504 2642 pr.
2551 2579 2736 2627 intenta

532 2644 636 2692 inc.
662 2642 839 2692 Heius.
874 2645 1085 2693 inmensa
1109 2646 1235 2693 Lov.
1257 2646 1406 2694 Leid.
1425 2646 1601 2695 Oxou.
1626 2660 1731 2695 sec.
1756 2661 1824 2695 m.
1852 2660 1930 2708 pr.
1979 2647 2168 2693 intensa
2189 2647 2314 2696 Var.
2339 2646 2440 2693 LL.
2465 2644 2548 2691 ed.
2569 2643 2734 2691 Antv.

532 2710 714 2769 intacta
740 2706 859 2755 vel
841 2713 1027 2757 incensa
1049 2709 1194 2757 Med.
1216 2724 1301 2757 sec
1306 2713 1450 2758 .—-40
1486 2710 1662 2757 Boschi
1679 2711 1800 2759 Vat.
1827 2724 1928 2757 sec.
1953 2710 2070 2757 Pal.
2105 2710 2262 2757 Bochi
2279 2708 2428 2759 Leid.
2451 2722 2556 2757 sec.
2589 2706 2739 2755 Boea·
2819 2704 2830 2711 '

534 2764 707 2820 Oxou.
726 2782 803 2835 pr.
824 2772 1115 2822 BachiJun.
1131 2787 1210 2835 pr.
1212 2776 1338 2821 -41
1354 2774 1688 2833 longegenitor
1703 2774 1860 2823 laudes
1877 2774 2022 2827 Prie.
2039 2774 2338 2835 genitovar.
2353 2773 2462 2821 LL.
2479 2770 2564 2819 ed.
2577 2770 2736 2819 Antv.

1532 2924 1746 2973 NOTAE

540 3030 734 3079 devicti
758 3040 876 3077 sunt
898 3031 1039 3079 Scoti
1066 3032 1129 3081 ab
1152 3032 1350 3080 eodem.
1741 3039 1806 3083 37
1868 3036 1967 3085 Vile
1999 3037 2224 3101 virentes]
2273 3038 2396 3087 Non
2436 3050 2639 3097 aureos,
2677 3040 2738 3085 ut

604 3110 665 3155 85
706 3106 1005 3169 AEtliiopum]
1037 3106 1108 3154 Hi
1149 3113 1271 3155 sunt
1302 3106 1357 3154 in
1395 3105 1600 3169 Africa,
1669 3114 1876 3177 jactant
1907 3112 2114 3179 fabulae,
2157 3116 2250 3165 sed
2275 3115 2364 3164 vili
2396 3118 2595 3163 tantum
2621 3113 2740 3161 viri·

532 3190 595 3233 et
643 3182 944 3231 latissimum
998 3183 1234 3232 obtinent
1296 3184 1599 3247 Imperium.

538 3260 806 3309 Dicuntur
857 3257 1140 3345 AEthiopes,
1206 3259 1344 3323 quod
1396 3261 1602 3310 awovaw

543 3334 677 3397 ὅπες,
705 3335 922 3397 ardeant,
954 3338 1004 3383 et
1038 3335 1170 3397 nigri
1205 3334 1305 3383 sint
1324 3352 1483 3385 eornm
1505 3340 1604 3387 vul·

538 3416 633 3460 tut.

603 3482 829 3547 Atlanta]
917 3483 1070 3535 Atlas
1120 3500 1264 3536 mous
1320 3487 1600 3538 altissimus

541 3556 894 3623 Mauritaniae,
914 3562 969 3610 in
992 3560 1192 3612 Africa.

610 3642 674 3687 86
715 3638 996 3700 Virgineum
1022 3638 1237 3703 Tritona]
1272 3640 1525 3696 Paludem
1549 3640 1602 3689 in

544 3728 647 3778 qua
670 3719 788 3764 neta
810 3722 891 3763 est
924 3715 1165 3765 Minerva
1202 3716 1438 3781 innupta,
1474 3734 1604 3766 sem-

546 3803 741 3855 perque
767 3790 927 3853 virgo.

611 3866 895 3931 Spar-sosque
915 3866 1125 3929 venenis]
1171 3868 1321 3918 Vidit
1344 3868 1606 3919 Dor-cadas

474 4000 483 4011 ι
544 3943 734 3993 insulas
770 3944 821 3991 in
853 3943 981 3990 mari
1004 3943 1312 4007 AEthiopico‚
1344 3944 1433 3992 ubi
1457 3958 1606 4007 repo·

465 4027 480 4043 ‘
548 4024 743 4067 nuntur
782 4017 1044 4067 domicilia
1067 4017 1386 4083 Gorgonum,
1426 4020 1610 4069 Medu-

548 4106 640 4151 sae,
692 4094 929 4154 Sthenus,
981 4100 1037 4142 et
1080 4094 1346 4159 Euryales,
1392 4112 1609 4161 quarum

552 4168 776 4217 Medusa
820 4184 914 4231 pro
958 4172 1185 4221 crinibus
1229 4173 1457 4223 habebat
1504 4190 1610 4223 ser-

552 4252 737 4308 pentes
760 4258 957 4295 veneuo
980 4248 1149 4296 omnia
1170 4248 1493 4299 inficientem·

1679 3190 1877 3240 ditate‘
1864 3191 2106 3253 insignes.

1745 3270 1810 3315 38
1823 3259 2179 3335 'Hesper-idum]
2205 3266 2312 3315 Hae
2337 3264 2570 3313 oriundae
2587 3270 2740 3314 erant

1681 3357 1746 3389 ex
1771 3342 2030 3404 Hespero,
2049 3341 2278 3389 Atlantis
2300 3338 2498 3391 fratre:
2533 3340 2599 3388 ad
2623 3354 2738 3387 oras

1681 3413 1882 3467 Africae
1937 3417 2268 3475 habitabant3
2333 3424 2390 3464 et
2457 3415 2738 3465 secuudum
2841 3446 2850 3451 -

1683 3492 1882 3557 poetas,
1912 3492 2092 3557 hortos,
2107 3490 2362 3553 colebant,
2383 3492 2548 3555 pomis
2571 3490 2741 3539 aureis

1681 3569 1954 3635 pretiosos.

1747 3649 1812 3693 39
1877 3644 2041 3708 Juboe]
2105 3641 2262 3706 Regis
2317 3643 2646 3692 Mauritaniae
2691 3637 2743 3689 in

1685 3720 1899 3769 Africa:
1935 3720 2024 3768 sed
2067 3734 2160 3782 per
2181 3714 2394 3781 Ju'bam,
2441 3718 2748 3783 intelligitur

1687 3797 1886 3845 Firmus
1909 3796 2063 3855 latro,
2091 3796 2327 3845 Gildonis
2352 3795 2535 3843 frater.
2633 3808 2638 3815 ·

1753 3872 2023 3933 Mannoeia]
2053 3869 2116 3918 Id
2155 3880 2256 3931 est,
2293 3870 2460 3918 rabies
2497 3869 2748 3926 Maurita-

1687 3960 1887 4005 norum,
1910 3960 2034 4009 quos
2058 3946 2261 3995 Firmus
2285 3946 2420 3993 latro
2443 3942 2726 3993 excitabat.

1751 4026 1816 4071 40
1851 4022 2049 4084 Bocchi]
2071 4022 2176 4073 Qui
2206 4021 2532 4070 Mauritaniae
2558 4027 2612 4069 et
2631 4020 2750 4068 Gae·

1690 4098 1828 4147 tuliae
1848 4098 1959 4145 Rex
1982 4092 2171 4147 funerat.

1693 4229 1695 4233 ,
1753 4180 1813 4224 41
1853 4173 2078 4237 Genitor]
2108 4172 2444 4237 Theodosius,
2465 4176 2617 4236 pater
2639 4166 2750 4219 Ro·

1690 4252 1840 4301 nerii.
2119 4280 2125 4285 -
2273 4284 2286 4289 -
