3184 4967
1108 412 1187 460 m
1237 413 1350 462 ci..
1397 412 1936 463 anuniANuu.
2534 399 2624 464 45

417 573 760 628 manorum
787 553 1196 637 aliarumque
1237 557 1524 637 gentium
1569 559 1671 622 ita
1700 565 1891 622 erant
1930 576 2013 621 ea
2040 561 2440 640 tempestate
2465 577 2625 624 con·

417 655 602 734 fusa,
629 662 706 720 ut
725 675 814 720 ex
841 657 958 718 illa
975 657 1262 720 colluvie
1278 677 1452 722 nova
1473 661 1669 742 plane
1695 679 1911 724 rerum
1934 659 2143 724 facies
2160 663 2399 724 exorta
2424 666 2622 736 esset,

421 779 578 844 quoe
605 777 828 823 rursus
873 759 1154 826 subinde
1180 760 1386 824 variis
1433 781 1522 824 ex
1567 762 1797 826 causis
1842 762 2243 837 mutabatur,
2296 761 2625 845 aliamque

423 861 711 944 speciem
763 859 1058 943 quotidie
1111 881 1310 944 paene
1362 862 1701 928 induebat.
1814 863 1895 926 In
1952 863 2054 926 his
2108 869 2171 926 et
2220 864 2513 944 publicae
2562 867 2628 926 et

423 961 708 1044 privatae
731 965 892 1028 vitae
919 962 1502 1031 vicissitudinibus
1542 971 1793 1028 tannim
1820 965 2033 1041 abest,
2078 970 2153 1028 ut
2174 963 2445 1028 definire
2472 983 2629 1046 pos-

424 1065 660 1140 simus,
707 1084 860 1146 quae
891 1066 1138 1148 cuique.
1161 1065 1435 1148 tempori
1469 1065 1711 1128 fuerint
1736 1066 2033 1147 propria,
2078 1065 2365 1148 quidque
2392 1069 2629 1148 postea

406 1167 532 1250 ‚vel
561 1167 860 1233 demtum
885 1167 993 1232 vel
1023 1165 1317 1230 additum
1346 1167 1453 1230 vel
1493 1166 1913 1230 immutatum
1940 1167 2048 1242 sit,
2094 1172 2167 1228 ut
2192 1185 2275 1229 ne
2302 1185 2453 1229 eam
2480 1167 2629 1250 qui·

427 1269 580 1343 dem
609 1285 822 1333 rerum
851 1268 1151 1343 formam,
1199 1268 1422 1350 qualis
1453 1265 1809 1333 Claudiani
1852 1285 2002 1330 aevo
2026 1267 2242 1343 fuerit,
2290 1267 2629 1348 cognitam

429 1375 980 1452 perspectamque
1009 1369 1390 1432 habeamus.
1481 1368 1590 1432 Ita
1634 1367 1729 1445 fit,
1779 1374 1859 1430 ut
1898 1368 1975 1430 in
2026 1367 2175 1448 ejus
2228 1367 2629 1432 carminibus

428 1489 634 1544 voces
679 1469 946 1552 quidem
993 1469 1340 1534 audiamus
1387 1475 1454 1532 et
1499 1469 1807 1550 legamus
1846 1470 1913 1532 in
1958 1470 2253 1552 priorum
2298 1467 2629 1548 poetarum

429 1572 870 1645 monumentis
901 1570 1068 1635 satis
1083 1570 1346 1645 obviae,
1366 1589 1580 1634 rerum
1612 1576 1833 1634 autem
1852 1571 2023 1634 ratio
2042 1587 2161 1652 per
2188 1568 2343 1632 illas
2366 1587 2633 1650 expres.-

432 1689 654 1736 saram
693 1672 1025 1740 interdum
1065 1690 1190 1736 nos
1229 1670 1464 1752 fugiat,
1501 1670 1765 1754 quando
1803 1691 1891 1736 ex
1930 1671 2263 1756 adjunctis
2294 1670 2633 1752 cognosci-

431 1792 608 1850 muS,
655 1792 802 1858 eam
833 1772 918 1836 ab
961 1771 1242 1854 antiqua
1270 1771 1388 1836 illa
1417 1778 1486 1836 et
1511 1771 1772 1852 vulgari
1812 1773 2141 1837 diversam
2170 1773 2403 1836 fuisse.
2488 1769 2635 1836 Ad-

431 1874 760 1938 mirabilis
789 1892 988 1956 porro
1017 1878 1158 1936 erat
1185 1892 1441 1938 morum
1469 1872 1925 1938 Romanorum
1950 1876 2021 1938 in
2048 1875 2311 1938 homine
2339 1872 2635 1938 Alexan-

433 1976 624 2039 drino
655 1975 974 2055 cognitiO,
1025 1993 1249 2066 eorum
1293 1975 1687 2057 praesertim,
1742 1977 1857 2058 qui
1904 1978 2131 2041 locum
2174 1976 2543 2039 habuerant
2566 1973 2637 2036 in

431 2076 640 2145 libera
665 2077 1046 2158 republica3
1091 2077 1260 2142 hanc
1289 2095 1552 2159 quoque
1598 2080 1835 2160 quavis
1878 2079 2127 2160 pagina
2163 2068 2473 2152 ostentat,
2514 2093 2636 2138 ex.-

435 2177 788 2260 amplaque
818 2184 886 2240 et
928 2177 1458 2260 comparationes
1503 2179 1661 2242 inde
1710 2181 1879 2244 alias
1928 2197 2133 2262 super
2180 2179 2349 2240 alias
2374 2175 2635 2258 repetit,

437 2279 635 2360 quasi
683 2278 754 2346 id
803 2280 1028 2360 egerit,
1081 2287 1162 2346 ut
1207 2280 1623 2351 dominatum
1673 2281 1983 2346 inanibus
2038 2279 2370 2345 libertatis
2415 2275 2657 2351 verbis,

435 2380 960 2458 commendaret;
1005 2383 1222 2445 necin
1247 2382 1426 2448 omni
1457 2383 1729 2448 historia
1758 2383 2069 2447 Romana
2094 2382 2215 2444 vix
2242 2379 2489 2444 factum
2514 2376 2641 2440 ali-
2676 2425 2683 2432 .

440 2480 620 2564 quod
652 2501 776 2566 seu
803 2503 910 2546 res
961 2481 1208 2548 accidit
1259 2490 1623 2550 memoratu
1668 2485 1887 2567 digna,
1940 2485 2133 2567 cujus
2176 2482 2289 2544 ille
2317 2480 2469 2542 loco
2496 2479 2641 2561 ple-

439 2601 717 2664 rumque
757 2591 918 2665 apto
945 2584 1340 2649 mentionem
1369 2604 1502 2651 non
1531 2586 1771 2661 faciat,
1808 2584 2203 2667 passimque
2227 2581 2425 2644 rebus
2466 2597 2645 2663 prae-

443 2684 747 2746 sentibus
777 2685 1114 2764 ingeniose
1143 2687 1631 2754 accommodet.

530 2784 868 2856 Praeterea
893 2785 1160 2848 dicendi
1181 2805 1416 2868 genuS,
1457 2808 1591 2870 quo
1620 2786 2029 2852 Claudianus
2052 2803 2213 2849 usus
2242 2789 2363 2860 est,
2409 2782 2645 2846 simili-

441 2886 1384 2968 tudinumscomparationum,
1410 2888 1794 2968 figurarum,
1819 2896 2160 2970 troporum
2188 2891 2293 2948 est
2316 2885 2645 2956 retentum,

443 3005 724 3070 quorum
755 2987 822 3050 in
849 2987 936 3058 iis
967 2988 1390 3062 carminibus,
1445 3008 1597 3070 quae
1650 2990 1719 3052 in
1765 2988 2036 3066 laudem
2074 2986 2183 3050 vel
2212 2987 2289 3049 in
2314 2984 2651 3065 vitupera-

443 3089 694 3154 tionem
721 3088 1000 3172 alicujus
1051 3089 1300 3170 scripta
1329 3095 1500 3166 sunt,
1547 3089 1635 3152 iis
1683 3090 2067 3170 plerumque
2094 3085 2355 3166 gaudet,
2402 3081 2651 3164 quihus

445 3207 552 3262 res
604 3209 808 3271 supra
853 3189 1120 3258 modum
1163 3189 1276 3254 vel.
1319 3195 1637 3271 augentur
1684 3189 1791 3252 vel
1840 3189 2320 3272 deprimuntur.
2410 3181 2649 3265 Oratio

445 3309 586 3362 non
609 3308 698 3351 ex
738 3290 976 3355 mentis
1017 3290 1392 3356 conditione
1419 3297 1658 3374 sponte
1682 3298 1865 3366 nata,
1896 3292 1990 3354 ita
2016 3297 2095 3352 ut
2132 3308 2219 3350 ex
2244 3287 2393 3368 ejus
2422 3283 2653 3348 colore

450 3408 646 3464 suum
675 3387 956 3462 colorem
989 3389 1290 3466 traheret,
1345 3389 1465 3462 sed
1489 3398 1631 3456 arte
1656 3392 1947 3476 quaesita
1972 3398 2101 3467 est,
2150 3387 2539 3468 singulaque.
2560 3379 2654 3446 ad

452 3493 936 3574 praeceptiones
967 3493 1166 3572 quasi
1193 3492 1564 3574 composita
1612 3495 1783 3556 sunt.
1874 3491 2073 3557 Unde
2124 3490 2369 3554 factum
2398 3488 2525 3557 est,
2572 3487 2657 3546 Ut

451 3591 574 3666 illa
595 3592 902 3672 imaginis
945 3593 1035 3656 sit
1058 3593 1290 3669 instar,
1337 3593 1426 3656 ad
1452 3579 1729 3674 picturae
1760 3590 2027 3673 quidem
2062 3592 2243 3669 leges
2272 3585 2649 3657 delineatae,

452 3693 810 3778 pigmentis
851 3712 986 3756 non
1010 3693 1452 3778 naturalibuS,
1501 3693 1621 3757 sed
1664 3691 2211 3774 exquisitissimis
2250 3687 2650 3770 quibusque,

454 3794 790 3872 obductae,
823 3795 1026 3860 vitam
1055 3795 1294 3862 stolide
1319 3795 1630 3878 ludentis,
1661 3813 1791 3858 non
1810 3794 2051 3858 ,oculos
2080 3793 2469 3870 animosque
2492 3803 2653 3848 con·-

453 3897 942 3977 templantium‚
989 3896 1247 3977 sibique
1293 3897 1542 3980 imponi
1583 3897 1861 3961 libenter
1903 3895 2314 3979 patientium,
2362 3885 2660 3951 fascina-

454 3996 634 4065 tione
685 3997 1102 4084 suauissima
1147 3998 1669 4078 perstringentis.
1793 3992 2367 4074 Quemadmodum
2424 4004 2657 4054 omnes·

457 4098 684 4164 res,ad
711 4099 1222 4186 ostentationem
1269 4106 1684 4180 comparatae
1726 4103 1879 4164 sunt
1920 4102 1987 4160 et
2026 4101 2381 4177 congestae,
2422 4107 2555 4152 non
2583 4089 2657 4150 ut

419 4217 424 4224 ¹
461 4197 960 4270 admirationem
1015 4203 1356 4275 moveant,
1427 4199 1679 4284 quippe
1735 4200 1803 4262 in
1856 4216 1993 4282 quo
2046 4196 2447 4264 declamator
2498 4205 2653 4254 raro
