3184 4967
946 376 1043 425 ns
1088 374 1314 426 Num*-
1360 377 1648 429 nonen.
1696 378 1790 427 nr
1839 376 2026 454 nan.

2469 364 2604 433 317

401 516 692 597 Limina,
722 518 1219 604 despectusque
1251 522 1397 585 solo
1428 522 1734 587 calcatur
1761 521 2058 587 achates.

400 616 487 683 In
512 620 735 685 medio
764 621 979 703 glebis
1006 622 1461 686 redolentibus
1489 639 1648 687 area
1676 622 1864 687 dives

399 718 671 785 Praebet
694 722 1007 787 odoratas
1034 742 1311 788 messes,

1400 721 1543 787 Hic
1571 724 1754 788 mitis
1785 723 2052 800 amomi,

403 818 546 884 Hic
574 822 781 886 casiae
812 831 1077 887 matura
1105 843 1317 905 seges,
1350 823 1826 906 Panchaeaque
1855 828 2116 905 turgent

402 918 751 999 cinnama,
781 942 902 986 nec
934 923 1121 987 sicca
1148 922 1575 987 frondescunt
1603 924 1857 989 vimina
1888 929 2102 1001 coste,

2519 925 2610 991 95

402 1021 757 1107 Tardaque
786 1024 1049 1089 sudanti
1077 1030 1439 1108 prorepunt
1466 1026 1770 1091 balsama
1794 1026 1996 1107 ligno.

404 1243 705 1304 mouentur,
730 1248 779 1293 et
798 1258 865 1292 ex
887 1244 1066 1295 Achate
1080 1248 1238 1307 spreto
1250 1245 1569 1307 pavimentum
1582 1249 1786 1295 stratum
1797 1250 1888 1294 est.
1920 1245 1985 1294 Ιιι
1999 1245 2151 1295 medio
2169 1243 2391 1309 planities
2410 1246 2612 1310 locuples

393 1304 563 1363 fundit
585 1322 751 1356 messes
774 1307 1057 1370 fragrantes
1064 1308 1246 1369 frustis
1266 1309 1378 1357 bene
1400 1310 1646 1359 olentibus.
1681 1310 1783 1357 Hic
1803 1315 1873 1358 est
1898 1309 2031 1371 copia
2047 1310 2420 1372 exquisitissima
2438 1310 2612 1361 amomi

400 1370 573 1433 mavis,
592 1377 641 1419 et
660 1373 743 1422 via
776 1373 1025 1422 sternitur
1045 1374 1187 1421 casia.
1242 1374 1476 1421 cinnama
1491 1372 1700 1423 Arabica
1713 1372 1990 1431 abundant5
2029 1388 2176 1436 neque
2196 1374 2320 1421 rami
2333 1374 2611 1437 winemunt,

334 1480 343 1485 .
404 1438 529 1483 codo
549 1441 729 1499 mente,
744 1451 889 1499 neque
908 1437 1115 1487 balsama
1124 1452 1231 1486 sera
1250 1439 1438 1486 uiuant
1454 1452 1519 1487 ex
1536 1438 1726 1489 caudice
1741 1438 2038 1500 lacrymanti.
2075 1438 2184 1493 Quo
2194 1442 2496 1501 posteaquam
2515 1440 2612 1487 Cu-

1325 1566 1682 1586 ‘OOOO‘OOOOOO

407 1661 553 1711 Med.
576 1665 876 1726 quarte-91
915 1660 1120 1711 Lumina
1146 1658 1327 1709 Ambr.
1352 1674 1457 1709 sec.
1477 1660 1602 1707 Var.
1627 1659 1731 1708 LL.
1755 1659 1840 1709 ed.
1877 1659 2037 1709 Antv.
2059 1661 2360 1723 despectoque
2382 1659 2612 1711 Florent.

406 1730 536 1775 -92
564 1726 718 1788 glebis
739 1725 1043 1775 redeuntibus
1064 1724 1215 1775 Fam.
1235 1722 1533 1773 radiantibus
1566 1724 1840 1773 Prie—98
1873 1726 2093 1773 odoratas
2115 1724 2315 1773 Bonon.
2340 1724 2460 1773 Pat.
2483 1724 2614 1773 Tho-

407 1790 498 1838 los.
520 1806 589 1839 m.
610 1804 714 1840 sec.
740 1798 847 1838 tres
869 1788 1048 1838 Ambr.
1070 1789 1177 1837 hino
1246 1789 1333 1837 itis
1352 1788 1541 1848 amomi,
1564 1786 1698 1836 Hine
1718 1790 1858 1837 easioe
1883 1790 2074 1837 Mol-et.
2096 1792 2310 1852 pru—9⁴1
2343 1789 2506 1837 nativa
2529 1788 2613 1837 vel

406 1860 595 1903 matura
616 1854 788 1905 Oxou.
812 1868 918 1902 sec.
944 1852 1187 1901 Panchaia
1256 1853 1324 1900 al.
1349 1852 1582 1900 Florent.
1605 1852 1748 1900 Med.
1769 1866 1844 1915 pr.
1860 1853 2056 1901 Τίιιιιιιι.
2081 1859 2183 1901 vet.
2204 1854 2336 1915 Gyr.
2359 1852 2616 1901 Panchoea·

408 1932 496 1979 qne
513 1919 635 1966 Vat.
660 1932 739 1981 ρι’.
765 1918 907 1967 Prie.
931 1917 1095 1966 Oisel.
1120 1918 1421 1979 Pangoeaque
1444 1916 1571 1963 Lov-
1609 1917 1910 1980 Pangoeaqne
1943 1919 2025 1965 vel
2053 1916 2373 1979 Panchoeaque
2395 1923 2614 1979 quatuor

409 1982 553 2031 Vatt.
575 1987 771 2043 turgent
794 1982 969 2043 viginti
994 1988 1217 2044 quatuor
1240 1980 1405 2029 Coela.
1446 1981 1576 2028 Exc.
1603 1980 1822 2030 Gevart.
1857 1983 2078 2030 Lucens.
2115 1994 2217 2029 see.
2258 1988 2312 2028 et
2349 1979 2468 2028 Pat.
2506 1994 2614 2029 rec.

410 2045 531 2093 Var.
556 2046 663 2094 LL.
688 2061 717 2094 e
740 2061 904 2108 marg.
941 2045 1119 2093 Parm.
1162 2049 1364 2105 surgunt
1400 2045 1483 2093 vel
1518 2050 1714 2104 turgent
1754 2046 1979 2094 Florent.
2018 2046 2211 2093 Moret.
2253 2048 2488 2093 sem—95
2524 2058 2615 2092 non

410 2109 643 2159 Florent.
670 2110 861 2157 Moret.
886 2124 965 2172 pr.
987 2110 1111 2157 sicco
1129 2122 1303 2157 ornnes
1323 2109 1472 2157 Vatt·
1496 2109 1612 2156 Pal.
1637 2109 1789 2157 Fam.
1815 2109 1954 2157 Prie.
1971 2109 2094 2157 sicca
2110 2107 2274 2157 Oisel.
2291 2109 2420 2170 Reg.
2436 2106 2617 2156 Ambr.

411 2178 534 2221 tert.
557 2175 753 2222 Moret.
778 2188 856 2234 pr.
878 2174 1001 2225 Jun.
1027 2187 1105 2236 pr.
1134 2172 1309 2221 Oxou.
1336 2185 1413 2235 pr.
1439 2173 1625 2220 Petav.
1651 2186 1755 2221 see.
1780 2187 1846 2220 m.
1873 2188 1952 2234 pr.
1977 2174 2062 2237 qui
2090 2179 2261 2221 tamen
2300 2178 2355 2221 et
2379 2176 2508 2220 casto
2531 2185 2620 2219 ex-

408 2237 568 2286 hibet.
591 2253 696 2286 eum
714 2238 835 2285 sicco
860 2239 941 2285 vel
961 2252 1043 2286 nec
1064 2242 1193 2285 casto
1210 2237 1383 2286 Oxou.
1404 2250 1511 2285 sec.
1532 2241 1660 2284 casto
1682 2238 1882 2285 Bonon.
1902 2238 2126 2299 gramina
2143 2236 2290 2283 Med.
2307 2250 2408 2284 sec.
2431 2236 2617 2285 Petav-

410 2307 537 2350 tert.
548 2302 771 2361 gramina
780 2301 901 2351 Jnn.
926 2316 1075 2363 ρι·.ιιι.
1092 2316 1169 2362 ρι’.
1182 2302 1375 2349 vulnera
1389 2300 1626 2361 idem,m.
1639 2302 1969 2363 sec-gramina
1981 2301 2064 2350 vel
2076 2301 2252 2348 vimina
2261 2301 2381 2348 Vat.
2398 2304 2517 2347 tert.
2529 2313 2616 2346 πιι-

412 2367 544 2413 mina
570 2366 649 2411 vel
681 2364 848 2412 limina
882 2365 1111 2412 Florent.
1134 2378 1268 2411 succo
1292 2364 1413 2412 Vat.
1448 2378 1552 2411 see.
1576 2363 1693 2412 Pal.
1721 2366 1862 2413 Rott.
1887 2366 2061 2413 Ursin.
2087 2366 2211 2415 Cod.
2236 2368 2358 2411 costo
2381 2364 2461 2411 vel
2483 2377 2616 2411 succo

408 2429 461 2476 ·V
465 2434 538 2478 at.
561 2436 727 2492 quart.
750 2428 896 2476 Med.
918 2443 996 2491 ρι’.
1013 2427 1116 2474 vid.
1139 2429 1376 2476 Lactant.
1396 2426 1462 2474 de
1477 2426 1740 2476 Phoeniee.
1759 2430 1955 2477 acantho
1971 2435 2075 2477 vet.
2095 2429 2227 2491 Gyr.
2248 2429 2376 2475 Exc.
2397 2428 2615 2478 Lucens-

412 2506 517 2541 see.
552 2493 795 2541 Heinsius
826 2493 1169 2553 ascripserat:
1202 2491 1218 2518 ⁴
1244 2491 1493 2539 acanthus
1516 2490 1775 2539 Sidonius’
1813 2492 1946 2540 Stat.
1985 2492 2098 2541 Lib.
2121 2506 2205 2541 ιιι.
2239 2492 2361 2539 Silv.
2391 2491 2618 2541 Hercule

416 2557 649 2605 Surrent.
692 2571 763 2605 vs,
794 2560 876 2605 37.
909 2557 1122 2603 Salmas.
1160 2555 1227 2602 ad
1266 2554 1553 2603 solim—96
1583 2562 1838 2617 prorepunt
1877 2564 2096 2619 quatuor
2129 2558 2276 2604 Vatt.
2313 2555 2476 2603 Oisel.
2515 2554 2617 2602 duo

415 2618 562 2668 Med.
586 2620 757 2670 Oxon.
794 2635 873 2681 pr.
914 2618 1061 2667 Leid.
1086 2633 1162 2679 pr.
1202 2620 1330 2666 Exe.
1354 2619 1573 2667 Lucens.
1601 2634 1678 2680 pr.
1717 2619 1840 2667 Ald.
1879 2621 1960 2668 ed.
1984 2619 2157 2669 Vicet.
2189 2622 2462 2681 proreptaut
2486 2618 2616 2667 Exc.

412 2684 545 2733 Cod.
576 2684 757 2733 Rhem.
788 2689 1059 2745 praerepunt
1081 2682 1263 2729 Ambr.
1290 2695 1370 2743 pr.
1406 2688 1713 2744 prorumpunt
1756 2683 1904 2731 Rott.
1928 2682 2122 2731 Moret.
2149 2696 2253 2731 see.
2287 2682 2472 2730 Petav.
2496 2688 2618 2730 tert.

414 2748 539 2797 Var.
564 2748 668 2797 LL.
694 2748 777 2797 ed.
801 2749 960 2796 Antv.
982 2752 1268 2809 presumant
1293 2746 1523 2795 Florent.
1545 2760 1613 2793 m.
1642 2760 1719 2808 pr.
1741 2748 2015 2808 proesudant
2040 2747 2162 2795 Vat.
2188 2750 2308 2795 tert.
2332 2746 2448 2794 Pal.
2475 2744 2621 2793 Med.

418 2826 498 2875 pr.
519 2812 713 2863 Thuan.
751 2813 877 2864 Jun.
912 2824 993 2875 pr.
1018 2826 1084 2859 m.
1111 2824 1191 2874 pr.
1225 2814 1485 2873 prorepunt
1508 2810 1591 2857 vel
1626 2815 1940 2873 prorumpunt
1979 2812 2110 2875 Reg.
2134 2810 2321 2859 Petav.
2349 2824 2425 2873 pr.
2450 2809 2620 2859 Oxon.

1416 2953 1628 3006 NOTAE

484 3069 713 3135 Lubrica]
744 3072 945 3121 Limina
968 3071 1119 3136 levia,
1133 3068 1274 3121 faeta
1294 3084 1359 3119 ex
1372 3071 1479 3135 jas·

421 3148 544 3211 pide
584 3148 705 3209 levi,
762 3148 1085 3211 politissima.
1169 3148 1345 3211 Jaspis
1398 3153 1478 3196 est

423 3238 623 3289 gemma
656 3238 721 3272 ex
762 3238 951 3287 genere
975 3223 1237 3283 viridium,
1274 3221 1365 3270 sed
1403 3230 1479 3271 ta·

420 3315 539 3351 men
561 3300 689 3350 varii
728 3306 849 3350 sunt
869 3300 1021 3363 hujus
1042 3299 1245 3348 colores
1268 3305 1325 3346 et
1363 3310 1479 3359 spe-

424 3391 545 3426 cies.

486 3454 549 3501 91
587 3449 832 3512 Calcatur]
865 3448 1029 3501 Quasi
1044 3449 1203 3497 solum
1221 3453 1482 3498 sternatur

408 3524 647 3592 ¹,Achate,
667 3539 732 3573 ex
754 3540 855 3589 quo
888 3531 1105 3572 stratum
1134 3522 1203 3572 sit
1225 3522 1485 3586 pavimen-

425 3609 553 3653 tum.
620 3601 847 3651 Achates
876 3606 957 3648 est
990 3613 1192 3661 gemma
1214 3597 1484 3647 versicolo-

364 3714 375 3721 -
426 3680 571 3730 ribus
584 3681 728 3728 venis
746 3680 821 3727 ita
842 3678 1179 3740 distincta,ut
1200 3691 1485 3739 nemorum,

425 3753 723 3816 fluviorum,
746 3754 1017 3815 montium,
1046 3767 1408 3816 nonnunquam
1430 3759 1486 3801 et

426 3845 665 3881 curruum
698 3831 919 3893 speeiem
954 3828 1159 3878 referat.
1226 3830 1501 3877 Laudatur.

430 3922 461 3955 a
494 3905 672 3955 Plinio
696 3904 885 3968 Pyrrhi
910 3908 1139 3963 achates,
1176 3905 1229 3953 in
1264 3918 1367 3967 quo
1400 3918 1488 3952 no-

429 3997 547 4033 vem
570 3982 739 4031 Musae
763 3991 817 4029 et
839 3981 1031 4043 Apollo
1054 3980 1446 4042 spectabantur.

493 4064 559 4108 92
596 4057 785 4120 Glebis]
839 4057 971 4120 Haee
1015 4064 1134 4105 sunt
1188 4054 1359 4105 frusta
1399 4061 1490 4105 aut

433 4136 597 4185 thuris
621 4143 712 4186 aut
733 4127 974 4198 myrrhae'.

497 4216 563 4263 94
597 4212 793 4264 Matura
812 4208 965 4273 seges]
1019 4209 1255 4260 collecta
1288 4208 1341 4257 in
1378 4207 1493 4273 ipsa

1558 3073 1882 3135 maturitate,
1903 3079 1958 3122 et
1981 3072 2098 3121 ideo
2123 3068 2446 3135 exquisitior.

1624 3148 1886 3210 Panchaea]
1920 3146 2166 3196 Panehaei
2189 3140 2367 3210 ροριιΙί
2385 3142 2624 3195 habitant

1558 3224 1768 3274 deserta
1781 3225 1953 3286 Saba»,
1967 3224 2055 3273 ubi
2074 3224 2191 3272 thus
2209 3223 2480 3286 optimum.
2519 3220 2625 3269 Alii

1559 3302 1742 3364 legunt
1791 3300 2035 3349 Panchaia
2079 3298 2147 3348 ob
2194 3296 2511 3347 Panchaiam
2548 3308 2626 3343 re·

1560 3376 1764 3440 gionem
1788 3374 2000 3424 Arabiae
2026 3374 2176 3423 thure
2201 3381 2255 3422 et
2277 3371 2523 3422 marnatis
2544 3370 2626 3421 di·

1558 3451 1740 3500 vitem.

1625 3530 1688 3575 95
1734 3524 1946 3587 Vimine]
1996 3524 2128 3573 Sunt
2171 3523 2298 3571 rami
2340 3514 2486 3585 lenti,
2537 3520 2628 3586 qui

1562 3600 1717 3650 facile
1739 3600 2036 3650 flectuntur.

1632 3676 1794 3739 Costa]
1839 3677 2053 3725 Costum
2085 3683 2164 3724 est
2195 3674 2424 3723 Persidis
2457 3672 2629 3736 arbor,

1565 3767 1683 3817 quae
1709 3759 2026 3815 unguentum
2052 3750 2476 3815 pretiosissimum
2512 3748 2628 3797 fnn·

1568 3829 1664 3891 dit,
1680 3830 1734 3879 in
1757 3834 1932 3877 monte
1953 3827 2194 3888 Veneris,
2218 3840 2317 3875 non
2342 3826 2483 3875 sicco
2505 3838 2628 3889 cau·

1569 3903 1706 3967 dice,
1725 3905 1814 3955 sed
1841 3904 2153 3953 abundante.

1635 3985 1700 4029 96
1733 3980 2028 4043 Prin-epum]
2065 3980 2183 4028 Non
2223 3976 2448 4025 balsama
2485 3974 2630 4023 lenta

1570 4056 1814 4118 guttatim
1827 4061 2131 4119 prorepunt,
2141 4053 2352 4113 stillant,
2369 4050 2463 4101 sed
2479 4050 2630 4101 uber-

1570 4130 1664 4180 tim
1685 4128 1919 4181 effluunt.
