3184 4967
551 352 685 417 356

1275 367 1389 416 CL.
1434 368 1863 417 GLAUD1AN1
1912 368 2042 418 XV.

556 514 989 603 Rnnm'rus
1023 537 1318 621 imperiis
1348 536 1628 616 Auster,
1658 538 2100 623 subJeetaque
2131 560 2392 606 rursum
2474 563 2477 565 ·

551 640 851 705 Alterius
878 659 1191 704 convexa
1220 640 1388 723 poli.

1478 638 1776 705 Rectore
1807 643 1933 705 sub
1965 662 2102 706 uno

550 742 916 825 Conspirat
942 742 1236 825 geminus
1268 742 1498 807 fraenis
1528 744 2002 809 communibus
2033 744 2236 807 orbiS.

549 845 596 908 J
600 846 907 909 unximus
937 844 1252 928 Europen
1282 844 1543 928 Libyae.
1640 840 2024 909 conc-ordia
2055 844 2366 908 Fratrum

549 946 764 1012 Plena
789 948 983 1011 redit.

1073 946 1325 1010 Patriis
1357 947 1539 1031 quod
1570 945 1794 1011 solum
1823 946 2036 1009 defuit
2066 945 2291 1022 armiS,

2721 928 2765 1009 '5

613 1129 747 1178 Pars
770 1128 1045 1177 Mer-idione
1078 1124 1299 1175 restituta
1335 1130 1420 1175 est
1448 1124 1624 1175 ditioni
1657 1126 1920 1186 Romana,
1953 1128 2002 1173 et
2035 1122 2308 1173 convexitas
2338 1124 2655 1187 paltonarius
2675 1130 2761 1175 est

546 1194 723 1243 iterum
756 1193 945 1242 subdita
961 1208 977 1240 .·
1027 1196 1221 1254 uterque
1260 1190 1468 1239 Mundus
1501 1189 1715 1249 conjurat
1753 1189 1836 1237 sub
1873 1204 1965 1237 uno
2008 1190 2302 1237 moderatore
2343 1188 2528 1250 legibus
2567 1189 2759 1239 iisdem.

550 1257 888 1317 Coniunximm
910 1258 1151 1320 Europam
1172 1270 1289 1305 eum
1311 1254 1498 1314 Africa.
1566 1256 1825 1303 Concordia
1847 1252 2064 1312 fratrum
2080 1251 2293 1316 perfecta
2321 1253 2594 1303 revertitur.
2664 1254 2759 1317 Ty·

1485 1409 1778 1431 OO‘OOOOOOO
1785 1410 1808 1428 O
1814 1410 1842 1427 O

546 1514 693 1563 Rott.
718 1527 796 1577 ρι’.
821 1514 951 1563 Exe.
974 1512 1178 1562 Schott.
1197 1511 1387 1561 Sched.
1411 1510 1549 1561 Gud.
1575 1509 1882 1572 inscribunt,
1905 1510 1991 1558 De
2026 1510 2213 1558 Beue
2250 1508 2588 1559 Gunomco.
2623 1510 2756 1561 Exe.

545 1577 681 1627 Laeti
704 1576 983 1640 praefigunt
1018 1574 1419 1640 Praefationem,
1445 1590 1559 1639 quae
1602 1580 1725 1623 ante
1764 1575 1856 1624 lib.
1880 1588 1946 1624 11.
1981 1575 2036 1622 in
2072 1572 2248 1623 Rufln.
2287 1575 2500 1635 legitur,
2521 1582 2657 1623 ·cum
2677 1576 2756 1623 in-

541 1642 826 1704 scriptione⁴
846 1644 1016 1691 Banu
1039 1642 1248 1697 Csvzms
1274 1642 1451 1691 Lmen
1478 1640 1744 1689 Tenues.
1811 1638 1875 1687 In
1909 1636 2094 1687 Ambr.
2137 1652 2248 1687 sem·
2265 1644 2321 1687 et
2345 1637 2491 1686 Leid.
2515 1652 2599 1701 pr.
2621 1645 2756 1701 erat,

542 1706 763 1755 Iucu-1¹1·
784 1718 951 1755 Lmen
976 1718 1049 1753 nn
1080 1705 1363 1753 Guneus.
1403 1705 1592 1754 Petav.
1627 1717 1707 1765 pr.
1748 1702 1906 1751 habet
1943 1703 2138 1751 dictam
2173 1700 2566 1765 Praefationem,
2605 1710 2664 1753 ut
2700 1712 2758 1754 et

542 1769 692 1819 Leia.
718 1784 797 1831 ρι’.
821 1769 876 1818 in
900 1784 1001 1832 qno
1024 1774 1156 1830 erat,
1176 1769 1355 1831 Incipit
1395 1766 1665 1831 Propositio
1701 1767 1844 1815 Libri
1881 1769 1940 1815 de
1980 1768 2202 1815 Gildone.
2269 1765 2332 1815 In
2354 1767 2478 1816 Vat.
2503 1772 2624 1817 tert.
2646 1774 2755 1818 vet.

542 1834 677 1895 Gyr.
710 1832 835 1881 item
873 1834 993 1882 Vat.
1026 1833 1194 1882 Livin.
1232 1830 1484 1881 Praefatio
1530 1830 1873 1881 desideratur.
1939 1830 2004 1880 In
2041 1829 2260 1894 Gyraldi
2301 1831 2427 1879 Cod.
2471 1831 2754 1893 ascriptum

542 1902 680 1957 erat,
701 1896 717 1923 ‘
738 1898 825 1945 De
848 1897 1075 1946 Gildone
1093 1897 1197 1945 vid.
1223 1898 1379 1947 Oros.
1401 1897 1456 1944 in
1478 1910 1577 1945 vn.
1602 1902 1658 1943 et
1690 1895 1954 1943 Diaconos
1977 1894 2159 1944 xv1110’
2208 1894 2312 1943 Hie
2337 1908 2459 1943 vero
2483 1894 2618 1945 liber
2638 1909 2755 1945 enm

543 1960 675 2009 Mes.
701 1961 1023 2009 Lucensibus
1047 1961 1267 2009 collatus
1289 1976 1391 2009 non
1408 1968 1537 2010 erat.

607 2028 633 2072 1
657 2024 895 2073 Redditur
917 2025 1041 2073 Put.
1056 2025 1175 2075 Pat.
1202 2025 1439 2073 Redditus
1452 2024 1532 2072 vel
1550 2022 1778 2072 Subditus
1801 2022 2147 2073 Oiselrrursus
2168 2027 2278 2071 tres
2299 2018 2447 2087 Vati.
2461 2021 2623 2071 Oisel.
2645 2037 2752 2071 rur-

536 2087 873 2137 enmPut.—-2
885 2089 1099 2137 Alterius
1114 2088 1293 2138 decem
1311 2088 1511 2151 scripti.
1530 2085 1720 2137 Alterni
1729 2088 2012 2149 Moret.pr.
2021 2088 2136 2149 poli.
2152 2101 2266 2135 cnm
2275 2084 2439 2149 τελείᾳ
2451 2090 2628 2151 στιγμῇ
2643 2093 2750 2136 tres

543 2151 690 2201 Med.
710 2153 910 2201 Thuan.
929 2153 1052 2202 Put.
1075 2154 1271 2203 Mazar.
1290 2154 1419 2201 Lov.
1436 2151 1539 2200 duo
1562 2152 1750 2199 Petav.
1768 2150 1987 2199 totidem
2005 2150 2281 2199 Ambr.-3
2309 2151 2563 2213 conspirat
2573 2152 2753 2213 gemini

541 2216 669 2265 orbis
683 2218 806 2265 Vat.
823 2232 901 2279 ρι’.
918 2218 1086 2266 Oisel.
1102 2218 1224 2265 Vat.
1242 2217 1408 2265 Livio.
1433 2216 1718 2277 Conspirant
1728 2214 1908 2275 gemini
1921 2214 2054 2263 orbee
2070 2221 2286 2277 quatuor
2297 2216 2447 2263 Vatt.
2466 2215 2580 2263 Pal.
2595 2216 2751 2264 Fam.

539 2279 683 2329 Prie.
696 2280 842 2328 Rott.
857 2282 1082 2329 Low-4
1102 2282 1339 2343 Europam
1353 2280 1507 2327 Farn.
1523 2279 1662 2326 Prie.
1683 2279 1830 2327 Rott.
1855 2280 2093 2341 Europem
2109 2285 2214 2326 tres
2225 2280 2371 2328 Vatt.
2385 2279 2704 2328 Pat.Floren
2713 2286 2753 2329 t.

536 2344 736 2392 Mazar.
760 2344 946 2393 Petav.
968 2360 1046 2407 pr.
1068 2346 1291 2407 Europen
1312 2346 1433 2393 Vat.
1448 2357 1529 2406 pr.
1548 2342 1668 2391 Pal.
1689 2342 1853 2391 Oisel.
1869 2342 2014 2390 Med.
2049 2357 2129 2405 pr.
2139 2341 2328 2402 factum
2353 2357 2447 2404 pro
2451 2342 2640 2401 fratum
2665 2343 2754 2392 ed.

538 2407 809 2457 vicen—5
825 2409 963 2457 Loeta
982 2409 1107 2457 redit
1123 2409 1243 2458 Vat.
1296 2408 1421 2457 nint.
1440 2409 1567 2455 Exc.
1586 2407 1707 2455 Pat.
1726 2420 1830 2455 ree.
1846 2406 1968 2455 Leta
1989 2405 2176 2455 Petav.
2194 2422 2275 2469 pr.
2289 2407 2619 2469 patriissolnm
2629 2410 2749 2469 quod

536 2468 643 2519 duo
660 2472 809 2522 Vatt.
830 2481 887 2521 et
911 2473 1131 2521 totidem
1162 2424 1307 2521 Meg.
1346 2472 1507 2523 Oisel.
1530 2472 1652 2519 Vat.
1686 2470 1855 2519 Livin.
1898 2470 2162 2533 patriisque
2181 2471 2329 2520 solum
2349 2469 2467 2534 quod
2489 2471 2602 2521 Pal.
2625 2471 2748 2521 Par.

536 2534 685 2587 Med.
726 2550 807 2599 pr.
863 2538 1009 2586 armis
1046 2538 1177 2587 Exc.
1214 2534 1365 2586 Laeti.
1436 2535 1563 2583 arvis
1596 2535 1678 2584 ed.
1714 2535 1887 2584 Parm.
1923 2540 1980 2583 et
2016 2535 2184 2585 Vieet.
2241 2535 2378 2583 annis
2415 2536 2519 2585 inc.
2559 2534 2742 2585 Heius.

1482 2678 1499 2694 ⁴
1536 2660 1750 2711 NOTAE

1684 2773 1921 2837 Honor-ii,
1939 2788 1998 2823 ac
2021 2774 2240 2837 proinde
2264 2776 2420 2824 totius
2445 2773 2621 2825 Orbis.

1746 2854 1775 2897 3
1815 2850 2046 2899 Geminus
2081 2849 2231 2912 orbis]
2271 2850 2461 2899 Oriens
2495 2859 2552 2901 et
2590 2851 2742 2901 0οοί-

1681 2925 1827 2987 dens,
1859 2926 1946 2975 vel
1983 2926 2154 2990 potius
2192 2926 2508 2991 Septemtrio
2540 2934 2596 2976 et
2630 2928 2745 2978 Me·

602 2780 629 2829 1
664 2775 864 2839 Auster]
916 2776 1117 2845 Ventus
1142 2776 1223 2826 est
1251 2765 1597 2825 Meritlianns:

534 2852 745 2919 ponitur
783 2867 878 2916 pro
906 2850 1110 2915 Africa,
1152 2867 1269 2916 quae
1301 2859 1457 2901 terrae
1478 2866 1600 2915 pars

533 2934 615 2977 est
652 2928 961 2989 Meridiana,
990 2928 1374 2991 comparatione
1410 2927 1598 2974 Roma-

531 3017 731 3053 norum.
814 2992 876 3051 Id
918 2998 1015 3064 est,
1058 2998 1222 3051 altera
1262 3015 1379 3064 pars
1419 3000 1598 3064 Orbis,
1677 3000 1854 3050 ridica.

530 3073 719 3126 Africa
758 3090 963 3139 nempe,
996 3079 1085 3125 se'u
1117 3090 1237 3138 pars
1268 3074 1593 3125 Meridiana:
1741 3076 1927 3125 Fraenis
1968 3075 2304 3139 communibus]
2370 3077 2610 3141 Legibus,
2648 3076 2740 3126 im·

529 3152 585 3201 in
624 3166 725 3215 quo
766 3150 909 3200 Orbe
948 3146 1301 3215 Imperatores
1338 3150 1596 3201 Arcadius
1677 3151 1858 3214 perlis,
1900 3153 2086 3216 quibus
2131 3159 2372 3217 tanquam
2405 3154 2614 3203 habenis
2651 3152 2740 3202 ho-

530 3234 587 3277 et
613 3227 875 3276 Honorius
892 3234 1129 3289 regnant.
1675 3227 1841 3277 mines
1875 3235 2138 3292 regantur.
2203 3232 2356 3279 Mens
2377 3244 2548 3279 autem
2571 3245 2636 3280 ea
2656 3230 2738 3279 fu-

595 3308 627 3352 2
661 3304 877 3351 Alterius
898 3318 1103 3353 convexa
1120 3303 1242 3367 poli]
1279 3305 1400 3353 Duo
1423 3304 1596 3368 Impe-

528 3385 729 3429 ratores
748 3386 971 3443 regnant
991 3380 1044 3429 in
1068 3380 1193 3430 orbe
1217 3387 1489 3442 terrarum,
1509 3394 1596 3428 ve·

524 3454 609 3505 lut
630 3455 732 3503 duo
757 3455 981 3505 Numina
994 3455 1048 3504 in
1065 3470 1155 3505 suo
1180 3457 1297 3519 polo
1320 3470 1413 3504 seu
1432 3456 1591 3505 Coelo.

527 3530 690 3581 Polus
730 3538 903 3579 autem
940 3532 1166 3595 duplex;
1221 3531 1463 3581 Arctieus
1501 3546 1591 3581 sen

524 3604 993 3669 Septemtrionalis,
1030 3613 1183 3671 qoem
1203 3608 1439 3657 Romani
1476 3620 1595 3657 con-

524 3682 833 3731 servabant:
866 3688 921 3731 et
955 3683 1103 3745 polus
1132 3680 1589 3744 Antarcticus,seu

524 3756 865 3817 meridianus,
899 3772 1051 3821 quem
1088 3757 1281 3805 Gildon
1309 3757 1587 3807 invaserat.

525 3830 601 3881 At
646 3830 779 3881 duce
829 3832 1114 3881 Stilichone
1158 3832 1242 3881 hie
1286 3834 1451 3896 polus,
1492 3848 1585 3882 eeu

524 3907 828 3957 convexitas
850 3906 996 3969 hujus
1022 3907 1147 3968 poli,
1182 3921 1275 3955 seu
1308 3907 1481 3969 potius
1505 3922 1584 3956 re-

523 3981 609 4043 gio
643 3995 861 4045 vergens
900 3980 965 4031 ad
1001 3982 1133 4031 huuc
1172 3983 1362 4045 polum,
1386 3984 1587 4033 seilicet

523 4054 727 4118 Africa,
750 4056 957 4106 reddita
978 4064 1059 4107 est
1080 4057 1307 4121 Imperio
1330 4058 1585 4109 Romano.

590 4130 793 4183 Rectore
813 4132 897 4181 aab
908 4133 1023 4195 uno]
1036 4133 1337 4195 Stilichone,
1356 4135 1460 4199 qui,
1480 4136 1583 4184 Ru-

381 4222 389 4229 ·
458 4236 465 4242 ,
524 4202 629 4255 fino
663 4205 884 4271 sublato,
924 4214 1101 4259 rector
1138 4214 1256 4257 erat
1285 4206 1503 4265 'Arcadii
1530 4216 1587 4261 et

1675 3311 1792 3353 erat
1811 3305 2104 3367 Theodosii,
2125 3313 2183 3354 ut
2211 3298 2466 3355 Arcadios
2487 3314 2543 3356 et
2559 3307 2736 3357 Houo-

1675 3379 1782 3428 rius
1839 3380 1991 3427 simul
2036 3381 2214 3430 orbem
2267 3380 2624 3443 possiderent:
2679 3387 2738 3431 at

1673 3454 1888 3505 Rufinus
1926 3456 2112 3505 invasit
2149 3458 2434 3521 Illyricum,
2455 3457 2734 3519 Eutropius

1673 3539 1874 3594 partem
1909 3531 2148 3593 African
2194 3539 2392 3596 partem
2435 3532 2584 3581 aliam
2623 3532 2737 3582 Gil-

1673 3607 1775 3657 don
1811 3615 1932 3656 ante
1969 3614 2345 3671 occupaveratz
2393 3615 2498 3656 tres
2535 3606 2608 3655 illi
2651 3612 2734 3669 ty.-

1671 3684 1820 3731 ranni
1843 3699 1873 3732 a
1895 3683 2178 3734 Stilichone
2199 3682 2391 3732 sublati
2411 3688 2564 3732 sunt:
2608 3696 2734 3746 quo·

1669 3772 1782 3807 rum
1805 3759 1990 3808 tertius
2011 3764 2090 3807 est
2113 3758 2322 3807 Gildon.

1729 3838 1761 3881 4
1782 3834 1975 3897 Libyae]
2008 3831 2236 3883 Africae:
2273 3848 2389 3897 pars
2406 3832 2616 3896 ponitur
2633 3846 2730 3896 pro

1664 3915 1814 3969 toto;
1849 3911 1932 3958 vel
1958 3909 2158 3973 Libyae,
2175 3910 2296 3973 quia
2313 3910 2470 3959 Gildo
2492 3923 2728 3973 magnam

1665 3985 1846 4050 Libyae
1865 3986 2127 4036 interioris
2150 3994 2354 4049 partem
2374 3987 2647 4049 expilarat.

1729 4068 1758 4111 5
1791 4062 1968 4125 Plena]
2031 4062 2308 4125 Absoluta,
2351 4060 2589 4126 perfecta
2625 4062 2733 4111 fra·

1663 4140 1810 4185 trum·
1841 4136 2057 4187 Arcadii
2096 4143 2153 4187 et
2187 4137 2407 4187 Honorii
2450 4144 2728 4192 renovatur

1655 4212 1961 4279 eoncordia,
1975 4227 2090 4279 quae
2121 4212 2318 4265 artibus
2331 4212 2512 4265 Rufini
2529 4214 2726 4267 turbati
