3184 4967
578 377 709 445 4538

577 522 867 603 Erexere
892 536 1125 620 magis»,
1157 552 1353 618 quam
1376 534 1493 616 qui
1524 548 1849 614 responsa
1873 534 2138 594 secutus

584 640 823 705 Obruit
851 638 1027 703 ans
1056 640 1331 713 classeS,
1360 637 1726 717 urbemque
1759 634 1997 698 carinis

581 742 815 818 Vexit,
844 748 911 804 et
942 758 1205 803 arsuras
1239 736 1447 801 Medo
1472 735 1792 799 subduxit
1821 732 2166 798 Athenas?

584 844 926 924 Spartanis
955 842 1169 925 potuit
1196 841 1397 903 robur
1424 843 1738 920 praestare
1769 838 2114 921 Lycurgus

586 943 941 1018 MatribuS‚
967 949 1034 1007 et
1062 962 1292 1006 sexum
1312 942 1497 1022 leges
1520 942 1737 1004 vicere
1768 956 2055 1003 severae:
2083 942 2086 947 '

588 1043 863 1107 Civibus
892 1050 957 1107 et
984 1045 1205 1107 vetitis
1234 1044 1476 1123 ignavo
1506 1040 1766 1105 credere
1793 1058 1981 1101 muro

587 1144 827 1209 Tutius
854 1145 1099 1227 objecit
1121 1144 1362 1207 nudam
1393 1142 1883 1207 Lacedaemona
1913 1138 2121 1203 bellis.

592 1244 683 1309 At
712 1266 845 1309 non
874 1244 1271 1327 Pythagorae
1294 1244 1608 1321 monitUS,
1639 1243 1925 1325 annique
1957 1240 2250 1319 silenteS,

594 1346 953 1409 Famosum
986 1345 1243 1408 OEbalii
1269 1342 1499 1408 luxum
1522 1336 2114 1427 pressereTarenti
2140 1362 2158 1405 ε

1244 389 1359 439 Gn.
1407 384 1832 439 CLAUDIANI
1881 382 2074 438 xvix.

2627 530 2756 593 15⁰

2639 1034 2769 1099 155

592 1512 724 1559 diens
742 1512 925 1559 oraculo
944 1510 1167 1572 oppressit
1184 1525 1323 1558 nates
1348 1510 1575 1571 Orientis,
1597 1515 1642 1558 et
1660 1509 1868 1571 portarit
1888 1506 2048 1555 urbem
2067 1505 2296 1555 Athenas
2315 1503 2600 1561 inmanibus,
2619 1508 2666 1552 et
2681 1503 2794 1567 ‘rie

592 1578 699 1639 ,ναῒ
724 1576 930 1623 Athenas
950 1574 1253 1623 incendendas
1280 1570 1477 1622 Persis?
1508 1575 1756 1636 Lycurgus
1787 1572 1944 1634 potuit
1979 1570 2212 1633 inspirare
2241 1571 2364 1618 vires
2382 1570 2614 1617 matribus
2633 1568 2800 1617 Laco-¹

595 1639 853 1697 daemoniis,
873 1644 920 1685 et
938 1640 1064 1699 leg-es
1094 1639 1190 1697 qius
1213 1638 1389 1699 rigide
1408 1641 1740 1699 superaverunt
1763 1648 1924 1684 sexam
1945 1635 2248 1683 muliebrem
2265 1646 2370 1693 suc
2397 1632 2646 1695 prohibitis
2665 1632 2782 1680 eivi-

598 1704 679 1751 bus
702 1704 859 1767 fidere
892 1702 1113 1750 moenibus
1143 1701 1387 1759 inertibus,
1420 1701 1636 1762 exposuit
1665 1700 1870 1749 securius
1899 1700 2080 1761 proelit's
2109 1698 2332 1761 Spartam
2363 1700 2587 1747 mantem·
2610 1696 2777 1745 muris.

600 1768 695 1819 Sed
730 1765 1079 1827 admonitiones,
1109 1772 1157 1817 et
1188 1766 1300 1814 anni
1320 1765 1459 1815 taciti
1488 1765 1800 1828 Pythagora,
1821 1778 1914 1812 non
1945 1767 2256 1826 represserunt
2293 1764 2534 1810 luxuriam
2559 1760 2786 1820 insum

1514 1904 1868 1927 eeeeeeeeeee

606 1996 670 2053 d'e
694 2002 844 2055 Offic.
867 2002 957 2055 lib.
982 2018 1018 2054 ῐ.
1072 2006 1265 2055 Catonis
1284 2006 1425 2055 Med.
1451 2013 1571 2057 tert.
1593 2007 1692 2056 inc.
1718 2008 2063 2057 Heius—1150
2095 2022 2230 2069 quum
2263 2004 2367 2067 quis
2400 2004 2525 2053 Put.
2577 2002 2788 2065 quumvis

602 2070 879 2118 Pan—151
920 2069 1091 2118 Obnu's
1124 2071 1307 2119 Petav.
1342 2086 1443 2120 sec.
1496 2078 1671 2133 oeratus
1694 2074 1858 2120 classes
1880 2072 2016 2120 Prie.
2073 2071 2291 2132 urbesque
2327 2070 2478 2117 Farn.
2511 2066 2590 2115 ed.
2614 2066 2782 2113 Vicet.

604 2133 848 2196 urbemque
870 2134 1098 2182 Florent.
1120 2141 1338 2198 quatuor
1356 2135 1503 2183 Med.
1526 2136 1630 2184 inc.
1671 2136 1854 2185 Heius.
1895 2136 2088 2185 Moret.
2119 2149 2221 2183 sec.
2261 2133 2390 2195 Reg.
2425 2132 2548 2180 Put.
2587 2131 2782 2178 Mazar.

604 2199 801 2247 Bonon.
837 2198 959 2247 Pat.
992 2200 1194 2246 Tholos.
1236 2204 1339 2245 tres
1376 2199 1561 2248 PetaV.
1600 2199 1810 2247 totidem
1835 2200 2015 2247 Ambr.
2038 2200 2164 2247 Lov.
2189 2197 2309 2245 ΑΜ.
2333 2197 2463 2245 Exc.
2489 2194 2704 2251 Gevart.
2728 2198 2784 2241 et

606 2262 823 2309 Lucens.
845 2266 1085 2325 pr.-—l52
1118 2275 1304 2309 arsuros
1324 2263 1474 2309 medio
1499 2262 1621 2310 Var.
1647 2262 1752 2311 LL.
1773 2262 1856 2311 ed.
1880 2262 2039 2311 Antv.
2106 2262 2264 2309 Medis
2287 2262 2414 2323 Reg.
2479 2257 2642 2307 Medio
2661 2257 2782 2307 Jun.

608 2340 683 2387 pr.
707 2324 879 2371 Oxou.
918 2340 997 2385 pr.
1030 2338 1097 2371 m.
1137 2326 1286 2372 Med.
1324 2339 1426 2372 sec.
1466 2340 1529 2374 m.
1576 2337 1654 2389 pr.
1693 2326 1886 2375 Moret.
1920 2340 2025 2375 sec.
2068 2326 2194 2374 Exc.
2223 2324 2536 2371 Voss.—l53
2570 2334 2790 2383 reparare

606 2386 786 2435 Ambr.
813 2402 889 2449 pr.
909 2404 976 2435 m.
1002 2402 1079 2451 pr.
1127 2388 1249 2435 vires
1264 2404 1483 2451 reparare
1506 2390 1702 2438 Moret.
1727 2404 1829 2439 sec.
1883 2390 2125 2450 Ligur-gas
2159 2389 2260 2436 duo
2295 2388 2483 2435 Moret.
2540 2386 2790 2449 Lygurgus

606 2452 732 2499 Lov.
754 2452 879 2499 Exc.
905 2452 1277 2502 owart—154
1314 2454 1550 2501 Matribus
1571 2460 1617 2501 et
1640 2468 1802 2502 sexum
1825 2456 1903 2501 vel
1931 2454 2170 2502 Mentibus
2191 2457 2236 2500 et
2260 2458 2464 2500 matrum
2485 2450 2602 2499 Pat.
2646 2462 2790 2495 sexus

608 2514 746 2563 Prie.
802 2521 1004 2564 matr-um
1036 2530 1129 2578 pro
1150 2530 1309 2565 sexam
1342 2518 1546 2565 Tholos.
1599 2524 1772 2567 matres
1792 2532 1884 2581 pro
1907 2520 2032 2578 leges
2060 2519 2159 2565 inc.
2187 2517 2528 2565 Heius—155
2567 2512 2792 2561 Cursibus

608 2580 752 2628 Leid.
786 2594 865 2643 pr.
926 2581 1148 2629 Curtibus
1170 2582 1249 2628 vel
1277 2581 1467 2629 Civibus
1482 2581 1625 2629 Med.
1655 2589 1773 2630 tert.
1830 2586 1996 2631 vetitos
2019 2582 2144 2629 Var.
2163 2580 2274 2628 LL.
2300 2581 2383 2628 ed.
2410 2579 2567 2627 Antv.
2621 2577 2817 2637 ignaro·

611 2644 756 2691 Leid.
780 2658 883 2693 sec.
908 2644 1034 2693 Exc.
1056 2646 1369 2693 voss.-157
1402 2646 1483 2695 Δπ
1516 2650 1585 2694 tot
1613 2646 1735 2694 Var.
1771 2646 1872 2695 LL.
1911 2660 1941 2695 e
1981 2660 2144 2708 marg.
2183 2646 2354 2693 Parm.
2409 2646 2476 2692 At
2503 2657 2624 2691 nuuc
2647 2642 2792 2688 Rott.

610 2708 807 2770 annique
831 2708 958 2757 Exc.
984 2708 1131 2757 Laeti.
1198 2709 1429 2771 animique
1466 2710 1585 2760 Jun.
1624 2724 1701 2772 pr.
1736 2704 1926 2761 Moret‘.
1961 2725 2064 2759 sec.
2101 2708 2243 2757 Med.
2286 2714 2450 2770 quart.
2484 2707 2586 2753 inc.
2609 2704 2793 2753 Heius.

610 2772 740 2821 Exn.
766 2772 970 2819 Ruben.
994 2772 1113 2819 Var.
1137 2773 1241 2820 LL.
1264 2788 1293 2819 e
1317 2788 1473 2835 marg.
1500 2775 1674 2821 Parm.
1699 2775 1781 2823 ed.
1804 2775 1976 2824 Vicet.
2017 2774 2254 2833 Samiique
2275 2772 2412 2834 conj.
2432 2770 2618 2819 Heius·
2661 2770 2795 2816 anni-

611 2851 698 2897 que
720 2837 802 2885 vel
824 2836 1063 2899 animique
1084 2836 1229 2884 Med.
1253 2840 1539 2886 tem—158
1573 2838 1843 2887 Formosum
1865 2840 1988 2890 Juu.
2015 2853 2095 2901 pr.
2118 2835 2262 2887 Med.
2289 2850 2394 2885 sec.
2443 2834 2692 2883 Famosum
2715 2831 2794 2880 vel

1600 2972 1812 3022 NOTAE

679 3094 773 3138 150
792 3091 1052 3152 Responsa]
1089 3084 1315 3139 Ora'cula
1335 3106 1466 3155 quae,
1484 3090 1664 3141 Xerxe
1742 3100 2048 3159 pugnarent.

613 3166 665 3213 iu
712 3166 968 3215 Graeciam
1008 3166 1343 3236 irrumpente,
1390 3168 1668 3217 monebant
1812 3175 1902 3220 154
1938 3172 2117 3221 Sexum
2152 3170 2326 3234 vicere]
2358 3169 2604 3219 Foeminei
2645 3180 2796 3217 sexus

616 3234 835 3289 salutem
856 3241 1178 3305 quaerendam
1206 3256 1319 3290 esse
1348 3244 1400 3291 in
1435 3244 1668 3293 domibus

613 3316 813 3377 ligneis.
878 3316 1023 3365 Unus
1057 3300 1433 3367 Themistocles
1468 3319 1522 3367 id
1557 3318 1669 3367 feli-

617 3393 751 3441 citer
784 3392 1039 3455 explicuit
1076 3393 1141 3440 de
1173 3393 1410 3454 navibus,
1441 3392 1669 3443 felicius-

618 3482 715 3529 que
754 3468 971 3531 patriam
1016 3469 1269 3532 liberavit,
1302 3484 1452 3534 quam
1495 3485 1669 3520 omnes

614 3543 872 3592 Platonici
895 3543 1157 3596 fecissent.

683 3622 774 3666 151
828 3618 977 3682 ans]
1048 3620 1204 3669 Acies
1250 3621 1315 3671 ab
1363 3620 1580 3671 Oriente
1615 3621 1668 3671 in

618 3692 877 3743 Graeciam
901 3695 1172 3744 irruentes.

681 3772 777 3817 152
813 3770 977 3832 Medo]
1014 3770 1285 3819 Persarum
1323 3770 1453 3835 Regi
1487 3772 1672 3835 Xerxi,

620 3844 793 3913 Medis
816 3846 1109 3909 imperanti.

684 3925 778 3970 153
830 3922 1099 3985 Lyeurgus]
1172 3924 1674 3975 Lacedaemoniorum

619 3996 702 4047 hic
724 3998 1009 4061 Legislator
1035 3999 1194 4063 jussit
1226 4001 1477 4049 exercitia
1499 4002 1675 4049 mulie-

623 4072 764 4120 ribus
788 4080 841 4121 et
874 4075 995 4122 viris
1029 4089 1142 4123 esse
1168 4078 1469 4140 communia,
1489 4082 1545 4126 ut
1580 4074 1674 4125 foe-

618 4146 772 4195 minse
794 4152 1115 4212 susciperent
1136 4153 1321 4203 liberos
1342 4154 1674 4215 valentiores,

621 4227 677 4271 et
714 4230 810 4285 pro
852 4226 1043 4288 patria,
1064 4228 1108 4275 si
1144 4227 1222 4275 ita
1250 4242 1333 4275 res
1364 4229 1672 4292 postularet,

1745 3248 1950 3299 solitam
1969 3247 2373 3299 imbecillitatem
2393 3252 2780 3309 superaverunt.

1812 3326 1906 3370 156
1943 3322 2132 3383 Tutius]
2163 3324 2430 3385 Lycurgus
2461 3322 2684 3369 credidit
2716 3328 2818 3368 tu·-

1749 3396 1848 3445 tius
1869 3411 1979 3445 esse
1998 3404 2050 3444 et
2071 3394 2256 3444 fortius
2283 3397 2520 3458 Spartam
2542 3386 2818 3444 confidere-³

1749 3472 1946 3533 virtuti,
1965 3487 2118 3537 quam
2154 3472 2327 3533 muris,
2363 3473 2474 3519 sine
2510 3472 2694 3535 quibus
2719 3483 2797 3517 re-

1747 3549 1934 3597 mansit
1969 3562 2129 3609 usque
2151 3546 2216 3595 ad
2240 3546 2515 3595 Cassandri
2549 3552 2796 3607 tempora,

1747 3632 1868 3687 post
1887 3631 2104 3672 mortem
2121 3622 2402 3671 Alexandri
2420 3621 2674 3673 Graeciam
2693 3634 2802 3669 vas·-

1748 3700 1922 3748 tantis.

1818 3780 1909 3825 157
1942 3776 2159 3839 Annique
2191 3772 2402 3835 silentes]
2441 3772 2570 3821 Nam
2612 3766 2804 3833 Pytha-

1752 3851 1910 3913 goraei
1945 3848 2222 3898 πενταετίαν
2253 3846 2514 3910 ἡσύχαζον,
2551 3843 2690 3906 μόνον
2720 3841 2806 3891 τὸν

1752 3922 1901 3985 λόγον
1936 3922 2290 3987 κατακούοντες,
2329 3940 2414 3987 per
2445 3920 2806 3986 quinquennium

1751 4001 1966 4064 silebant,
1985 4002 2128 4049 solum
2150 4001 2246 4061 <jus
2276 4014 2532 4049 sermonem
2551 3997 2806 4046 audientes.

1754 4076 2005 4126 Laertius.

1819 4156 1912 4201 158
1937 4140 2130 4202 'OEbazii
2155 4152 2376 4216 Tarenti]
2408 4149 2472 4200 Id
2495 4157 2594 4211 est,
2627 4148 2694 4196 ab
2719 4144 2810 4197 (Ε-

1750 4226 1903 4277 baliis
1941 4242 2032 4279 seu
2066 4226 2338 4293 Spartanis
2369 4226 2451 4277 vel
2482 4222 2682 4277 conditi
2726 4222 2810 4272 vel
