3184 4967
1409 555 1674 714 vni.

868 781 881 794 ’
980 855 1192 950 CL.
1274 855 2046 959 CLAUDIANI

781 1085 929 1150 DE
985 1059 1477 1178 QUARfrso'
1536 1083 2248 1152 coNsnnA'ru

447 1294 1485 1416 HONORII
1600 1292 2550 1416 AUGUSTI

1006 1521 1011 1524 ’
1110 1537 1941 1630 PANEGYRIS.

1200 1931 1826 1985 ARGUMENTUM.

480 2027 901 2078 Inuum-onum
938 2027 1223 2077 Honorium
1267 2041 1440 2077 rursus
1482 2029 1757 2080 Consulem
1804 2027 2119 2080 comitantur
2163 2026 2367 2092 milites,
2418 2028 2616 2094 Duces,

414 2107 653 2170 Bellona,
683 2107 848 2158 Mars.
898 2107 1065 2172 Hujus
1087 2107 1421 2173 Imperatoris
1444 2109 1741 2158 celebratur
1763 2115 1819 2158 et
1845 2110 1993 2175 origo
2027 2109 2094 2157 ab
2108 2108 2266 2172 Ulpio
2287 2108 2535 2173 Trajano,
2557 2117 2616 2160 et

415 2201 457 2236 a·
468 2187 637 2250 patria
657 2186 941 2252 Hispania:
984 2187 1122 2237 unde
1164 2195 1316 2238 natus
1356 2187 1501 2239 Avus
1544 2189 1660 2251 ejus
1703 2189 1994 2253 bellicosus,
2036 2187 2252 2254 Avoque
2273 2190 2436 2253 major
2467 2197 2619 2252 pater

414 2267 748 2330 Theodosius,
782 2268 871 2332 qui
914 2269 1158 2318 barbaros
1200 2268 1354 2332 fudit,
1398 2269 1587 2334 Remp.
1627 2270 1873 2331 restituit,
1891 2313 1896 2320 ,
1917 2269 2200 2319 Maximum
2231 2275 2289 2318 et
2325 2269 2618 2332 Eugenium

416 2351 678 2410 tyrannos,
711 2347 993 2412 horumque
1017 2351 1196 2398 Duces
1216 2349 1628 2412 Andragathium
1674 2355 1729 2399 et
1762 2350 2110 2413 Arbogasten,
2131 2356 2220 2398 aut
2245 2349 2506 2408 mactavit,
2528 2354 2619 2398 ant

377 2483 381 2488 ,
412 2425 479 2475 ad
519 2425 940 2490 desperationem
984 2433 1305 2491 mortemque
1346 2428 1572 2492 impulit,
1615 2427 1726 2493 ipse
1755 2431 2003 2488 clemens,
2025 2429 2332 2487 misericors,
2369 2425 2628 2490 liberalis,

415 2519 563 2556 carus
600 2505 863 2554 militibus.
912 2506 991 2554 Ex
1016 2506 1111 2555 hoc
1132 2506 1369 2555 nascitur
1390 2507 1674 2568 Honorius,
1707 2509 1852 2571 cujus
1882 2508 2054 2570 patria
2076 2514 2127 2556 et
2151 2513 2316 2557 mater
2333 2506 2619 2569 praeferun-

412 2592 499 2635 tur
518 2585 704 2648 patriae
726 2589 783 2633 et
805 2583 1057 2634 matribus
1082 2587 1348 2634 Deorum:
1390 2585 1455 2634 de
1493 2586 1591 2634 hoc
1629 2584 1800 2636 fausta
1821 2585 2088 2648 praesagia,
2127 2599 2218 2634 seu
2236 2591 2499 2647 nascatur,
2523 2599 2618 2643 seu

415 2664 607 2714 Consul
631 2670 687 2712 et
709 2663 1004 2732 Imperator
1024 2663 1134 2712 fiat.
1204 2665 1549 2726 Compar-atur
1572 2665 1708 2727 Iulo,
1733 2666 1954 2726 Castori,
1983 2665 2202 2732 Polluci,
2243 2665 2382 2716 Jovi.
2449 2665 2618 2716 Theo-

414 2743 588 2794 dosius
628 2744 766 2793 hunc
804 2742 960 2792 docet
994 2757 1097 2792 non
1130 2743 1419 2806 nobilitate,
1453 2743 1544 2795 sed
1568 2744 1763 2792 virtute
1784 2740 2078 2804 confidere3
2107 2742 2264 2791 docet
2281 2742 2519 2793 notitiam
2539 2743 2622 2795 sui

412 2824 721 2887 habendam,
736 2822 1129 2888 fraenandasque
1145 2825 1476 2889 cupiditates,
1498 2830 1557 2874 ut
1580 2823 1716 2874 bene
1735 2823 1975 2886 imperet,
2008 2827 2068 2872 nt
2087 2823 2308 2873 virtutes
2331 2823 2620 2892 Imperato-

414 2919 529 2953 rum
550 2909 920 2968 consequatur,
945 2904 1071 2954 vitia
1103 2904 1454 2967 Tyr-annorum
1480 2901 1684 2966 fugiat:
1721 2901 1846 2966 quid
1879 2899 2174 2953 faciendum
2196 2901 2250 2950 in
2273 2900 2432 2964 bello,
2459 2917 2491 2950 a
2513 2917 2618 2966 qno

416 2982 563 3042 illum
585 2981 887 3046 flagrantem
908 2988 1053 3033 arcet
1069 2999 1085 3044 ς
1102 2983 1228 3048 quid
1248 2981 1546 3032 faciendum
1571 2982 1628 3034 in
1647 2995 1806 3044 pace:
1837 2981 2092 3044 proeclara
2105 2981 2204 3043 ipsi
2222 2973 2430 3030 Ducum
2448 2997 2622 3033 exem·

416 3064 509 3128 pla
530 3061 790 3125 proponit.
856 3063 987 3112 Mox
1023 3062 1289 3112 Honorius
1322 3067 1497 3126 aequat
1538 3066 1760 3124 patrem,
1795 3059 1962 3110 fretus
1977 3060 2260 3112 Stilichone
2279 3067 2364 3111 tot
2387 3061 2620 3111 victoriis

415 3142 629 3203 illustri,
652 3142 795 3206 cujus
820 3141 999 3205 ductu,
1021 3148 1079 3192 ut
1096 3143 1349 3192 animosus
1381 3147 1463 3191 est
1499 3141 1567 3190 ad
1589 3141 1745 3204 bella,
1785 3141 1860 3189 ita
1881 3149 1938 3190 et
1961 3141 2014 3190 in
2037 3155 2168 3204 pace
2189 3141 2414 3205 sapiens,
2427 3141 2620 3206 justus,

418 3222 733 3281 moderatus,
754 3221 1003 3280 liberalis,
1026 3222 1279 3284 amabilis,
1298 3222 1628 3285 venerabilis,
1665 3221 1966 3281 industriae,
1988 3221 2039 3269 in
2061 3221 2236 3284 armis,
2248 3221 2299 3270 in
2318 3221 2618 3286 equitando.

419 3285 751 3352 Discribitur
774 3304 883 3367 ejus
907 3316 1113 3367 pompa,
1153 3303 1404 3364 incessus,
1441 3303 1739 3362 comitatus,
1772 3307 1960 3364 vestes,
1980 3300 2192 3352 libertas
2215 3301 2355 3366 data,
2373 3302 2620 3352 Consula-

422 3388 507 3432 tus
528 3378 766 3443 felicitas,
782 3389 839 3432 et
856 3382 1078 3447 denique
1100 3387 1219 3431 voto
1241 3380 1503 3432 clauditur
1522 3382 1638 3432 hoec
1660 3381 1970 3445 Panegyris.

419 3573 841 3664 Ausmons
884 3599 1119 3663 iterum
1140 3617 1293 3663 sese
1314 3598 1644 3680 regalibus
1673 3613 1883 3660 annus

480 3733 648 3794 Annus
661 3747 845 3780 rursum
862 3735 997 3780 ornat
1014 3747 1063 3780 se
1082 3731 1177 3782 sub
1192 3731 1419 3804 uuepiciis
1431 3731 1774 3800 Imperator-iic,
1786 3745 1843 3782 ac
1857 3726 2287 3794 superbior-potitur
2297 3727 2456 3792 Regia
2467 3728 2626 3792 cogni-

1346 3843 1702 3863 “oeteo-eene

488 3905 593 3956 Hic
614 3904 747 3954 liber
770 3904 915 3954 deest
936 3903 990 3952 in
1006 3905 1261 3955 Vaticano
1297 3904 1513 3955 Livinei.
1536 3905 1590 3953 in
1611 3903 1779 3955 codd.
1801 3903 1996 3954 Moreti
2021 3910 2076 3954 et
2093 3901 2369 3965 Excerptis
2385 3904 2622 3955 Gerartii

421 3970 655 4035 sequitur
672 3975 791 4032 post
812 3969 1130 4032 superiorem
1154 3969 1553 4034 Panegyricum.
1589 3968 1644 4017 in
1660 3968 1914 4020 Vaticano
1929 3976 2116 4034 quarto
2130 3975 2244 4018 erat
2271 3967 2444 4031 Incipit
2459 3969 2622 4019 Pana·

491 4149 517 4194 1
552 4145 794 4208 Auspiciis
812 4145 1048 4208 regalibus
1069 4145 1251 4210 induit]
1304 4061 1960 4220 Indnliqtovffnperatoriin
2005 4147 2065 4192 ut
2103 4142 2240 4193 enim
2272 4157 2432 4193 annus
2456 4143 2626 4210 desig·

424 4227 483 4271 et
522 4229 671 4270 ornat
712 4227 875 4300 annus
917 4235 1065 4271 suum
1108 4237 1295 4274 nomen
1320 4219 1483 4297 titulis
1562 4228 1717 4272 natur
1769 4233 1866 4286 per
1901 4219 2174 4286 consules,
2211 4221 2288 4270 ita
2319 4219 2403 4271 hic
2459 4227 2624 4272 annus

557 4301 730 4366 Delph.
750 4306 799 4352 et
826 4301 942 4354 Ver.
966 4302 1097 4354 cleu.
1440 4299 1622 4352 Claud.
2443 4299 2492 4352 Ρ
