3184 4967
1128 383 1226 431 nn
1271 380 1386 431 cr..
1433 380 1922 431 omonimo:
2522 368 2631 435 ὀᾶ

417 528 766 609 variisque
783 524 1012 607 figuris
1043 544 1124 589 ac
1156 526 1506 589 sententiis
1533 524 1815 590 mirifice
1843 526 2169 607 delectat3
2200 532 2279 591 nt
2306 524 2648 603 videatut‘·

419 649 481 695 a.
512 636 748 694 natura
785 630 942 711 ipsa
987 629 1356 692 instructus
1399 627 1488 691 ad
1530 628 1885 692 Poeticam
1914 629 2331 693 facultatem.
2419 626 2617 692 Veri·-

418 730 640 794 simile
663 736 770 794 est
798 748 953 793 eum
971 729 1218 795 Romae
1249 729 1368 792 diu
1395 736 1751 807 versalum,
1774 732 2147 813 multasque
2168 730 2391 793 Italiae
2416 729 2615 793 urbes

419 850 808 925 peragrasse
835 852 853 910 3
886 828 1067 914 quod
1100 851 1249 893 cum
1279 831 1425 895 alia
1453 831 1659 894 multa
1688 837 2037 909 testantur,
2068 839 2211 895 tum
2259 831 2330 893 hi
2360 848 2615 908 versus,
2698 850 2709 857 ·

421 952 595 1015 quos
627 933 712 996 de
741 933 998 995 balneis
1030 932 1255 1014 Aponi
1293 934 1706 1016 composuit.
1792 933 2019 1017 Opera
2040 932 2221 997 illius
2254 932 2425 995 satis
2452 936 2623 997 nota

423 1040 623 1097 sunt:
670 1034 792 1098 sed
824 1034 1238 1116 praecipuam
1267 1033 1545 1109 laudem
1583 1035 1739 1110 sibi,
1774 1036 2127 1099 multorum
2151 1032 2439 1116 judici0‚
2472 1031 2620 1096 vin-

423 1134 604 1201 dicat
653 1135 760 1198 his
805 1135 1244 1212 carminibus„
1275 1136 1526 1216 quibus
1586 1135 1935 1218 principes
1962 1136 2145 1199 viros
2172 1134 2448 1199 summis
2476 1134 2628 1200 lau·-

423 1235 810 1300 dationibus
871 1254 992 1299 seu
1041 1234 1480 1317 Panegyricis
1531 1237 1805 1301 extulit.
1823 1282 1838 1299 .
1858 1234 2329 1317 ..Augustinus
2388 1239 2459 1299 et
2499 1234 2641 1299 alii.

420 1344 684 1404 veteres
717 1337 1066 1419 plurimum
1111 1336 1655 1401 commendarunt
1698 1336 2033 1419 ingenium
2062 1338 2263 1418 atque
2294 1335 2621 1407 eruditio}-

420 1456 574 1501 nem
605 1438 1008 1502 Claudiani.'

1277 1555 1348 1619 J.
1389 1554 1764 1621 vadianus.

507 1694 529 1724 ‘
554 1688 600 1755 J
603 1710 710 1755 am
741 1689 1006 1773 Raptus
1032 1688 1456 1773 Proserpinae
1491 1690 1664 1755 adeo
1716 1689 2087 1773 insignibus
2134 1690 2478 1767 montium,
2510 1708 2617 1755 ur-

419 1792 630 1867 bium,
663 1792 952 1869 lacuum,
985 1792 1275 1855 amnium
1304 1792 1474 1855 locis
1498 1792 1779 1857 refertus
1808 1797 1942 1873 est„
1980 1799 2059 1856 ut
2088 1790 2624 1875 piaculummihi-

419 1893 752 1970 videatur,
783 1894 848 1956 si
869 1895 1019 1975 quis
1047 1894 1495 1977 Geographiae
1543 1913 1800 1977 expers
1830 1898 1966 1957 tam
1996 1892 2331 1958 eruditum
2359 1890 2618 1957 Poema

424 1995 730 2075 attingat,
743 1994 1008 2057 nedum
1036 1992 1331 2070 evolvat,
1354 1993 1742 2076 profiteatur
1744 2039 1909 2059 .....
1914 2012 2112 2077 quem
2156 1994 2387 2070 alium,
2414 2011 2619 2077 quam

424 2094 898 2179 Geographum
945 2094 1390 2160 Claudianum
1461 2096 1740 2161 dixeris.
1826 2096 2125 2161 Transeo
2186 2096 2491 2159 encomia
2546 2094 2619 2157 in

425 2196 888 2273 Stilichonem,
922 2198 1010 2261 ob
1041 2197 1170 2263 hoc
1219 2198 1510 2261 maxime
1553 2198 1837 2275 erudita,
1882 2198 2069 2280 quod
2115 2197 2289 2262 locis
2314 2196 2621 2302 Geogra-

425 2298 602 2385 phiae
637 2297 1068 2380 explicandis
1094 2299 1334 2365 referta
1365 2298 1562 2364 sunt-⁹

1109 2446 1360 2512 Zazius
1387 2447 1925 2517 Jureconsultus.

514 2587 535 2618 ‘
568 2582 792 2663 Quam
841 2587 1053 2647 totam
1092 2602 1238 2647 rem
1271 2582 1685 2649 Claudianus
1732 2586 1819 2649 ad
1851 2584 2233 2649 Honorium
2260 2580 2621 2665 elegantis-

428 2686 622 2764 simo,
647 2686 783 2749 imo
815 2703 1042 2759 aureo,
1073 2685 1360 2750 carmine
1385 2686 1784 2768 complexus
1806 2692 1937 2750 est.
2032 2684 2257 2763 Quam
2283 2684 2455 2749 bene
2495 2682 2618 2749 ha·

425 2789 626 2866 beret,
681 2788 741 2851 si
790 2786 1220 2855 celeberrima
1289 2787 1673 2871 hujusmodi
1738 2789 2027 2852 carmina
2072 2788 2303 2852 divino
2355 2784 2618 2868 ingenio

425 2889 680 2972 scripta
707 2888 1142 2975 Principibus
1173 2888 1500 2954 Romanis
1527 2896 1665 2955 tam
1698 2910 1983 2974 operose
2012 2886 2472 2972 ingererentur
2492 2882 2530 2949 2’
2598 2952 2608 2967 ,

579 3053 970 3119 Ludovicus
1001 3055 1242 3134 Vives»,
1273 3056 1319 3120 l.
1345 3074 1459 3123 111.
1481 3058 1588 3121 De
1620 3057 1999 3121 Tradendis
2032 3054 2463 3137 Disciplinis.

513 3193 534 3227 ‘
562 3189 914 3255 Ausonius
945 3189 1188 3257 Gallus
1213 3191 1462 3274 ubique
1497 3200 1771 3274 argutus
1816 3199 1887 3257 et
1942 3194 2276 3269 excitans,
2318 3210 2447 3254 nec
2476 3190 2617 3266 lec-

430 3300 637 3357 torem
677 3293 836 3355 sinit
875 3292 1256 3357 dormitare.
1347 3292 1759 3359 Claudianus
1804 3294 2067 3371 melior,
2122 3312 2204 3357 ac
2257 3291 2503 3373 ingenii
2546 3296 2620 3357 et

431 3394 704 3476 spiritus
733 3394 936 3475 plane
967 3392 1284 3458 Poetici?

476 3556 663 3621 Idem
689 3560 762 3621 in
791 3556 1048 3622 Comm.
1081 3557 1172 3623 ad
1199 3559 1272 3622 S.
1295 3558 1772 3641 Augustinum,
1803 3560 1889 3623 de
1920 3557 2070 3623 civ.
2101 3558 2256 3634 Dei,
2287 3558 2335 3620 l.
2363 3572 2435 3618 V.
2464 3554 2571 3618 26.

515 3693 933 3758 Claudianus
964 3696 986 3726 ‘
1017 3694 1102 3757 ad
1143 3712 1411 3758 carmen
1456 3699 1652 3758 natus
1702 3692 1855 3772 fuit,
1900 3692 2084 3778 quod
2125 3660 2617 3773 elegantissime

435 3796 710 3878 scripsit
737 3794 1024 3860 Poetico
1053 3796 1154 3859 vir
1172 3795 1479 3879 ingenio!

597 3960 645 4025 J
649 3981 812 4025 anus
844 3961 1237 4025 Parrhasius
1267 3960 1759 4045 Neapolitanus
1796 3962 1866 4026 in
1895 3961 2039 4025 vita
2072 3955 2448 4025 Claudiani.

367 4142 372 4147 -
513 4100 538 4131 ‘
569 4098 830 4165 Sinihil
851 4097 1035 4162 aliud
1070 4097 1160 4161 ad
1189 4099 1557 4163 claritatem
1587 4100 1691 4164 sui
1710 4098 1995 4163 nominis
2020 4096 2437 4161 Alexandria
2463 4115 2621 4178 pro·

432 4199 714 4287 biliosa,
773 4200 1235 4279 illustraretur,
1263 4196 1605 4280 Hercule,
1648 4201 1757 4267 vel
1812 4219 1955 4267 uno.
2000 4199 2377 4266 Claud-iano
2405 4218 2451 4277 3.
2490 4199 2643 4281 qui*
