3184 4967
516 345 649 416 21⁰

516 504 867 589 Tantaque
898 519 971 571 se
996 502 1270 585 rudibus
1296 507 1521 589 pietas
1544 504 1838 571 ostendit
1861 504 1931 569 in
1957 502 2172 581 maie,

521 607 637 673 Sic
666 614 833 673 aetas
860 607 1080 671 animo
1112 609 1341 686 cessit,
1370 616 1794 691 quererentur
1821 612 1895 673 ut
1921 624 2150 671 omnes

522 709 886 794 Imperium
908 711 1027 773 tibi
1055 730 1201 775 sero
1230 709 1478 774 datum.
1582 709 1886 774 Victoria
1913 708 2113 772 velox

522 809 871 895 Auspiciis
890 810 1124 875 effecta
1150 812 1322 875 tuis:
1367 812 1714 893 pugnastis
1741 815 2045 891 uterque3
2199 884 2204 889 ⁸

523 913 633 978 Tu
657 915 837 992 fatis,
870 915 1248 997 genitorque
1274 932 1497 976 manu.
1583 911 1686 974 Te
1712 917 1988 994 propter
2015 916 2086 974 et
2114 908 2328 993 Alpes

525 1015 767 1082 Invadi
793 1016 1029 1080 faciles
1046 1035 1065 1095 3
1084 1036 1095 1090 1
1112 1019 1308 1079 cauto
1336 1034 1456 1079 nec
1482 1012 1730 1096 profuit
1754 1013 1931 1077 hosti

527 1116 813 1181 Munitis
839 1116 1115 1181 haesisse
1144 1115 1337 1180 locis,
1426 1114 1602 1198 Spes
1629 1115 1814 1178 irrita
1833 1113 1994 1178 valli

526 1216 857 1303 Concidit,
888 1222 956 1281 et
984 1217 1287 1298 scopulis
1314 1219 1668 1299 patuerunt
1693 1215 1983 1281 claustra
2007 1213 2316 1279 revulsis,

1224 362 1337 410 01„
1384 364 1423 410 G
1436 360 1814 411 LAUDIANI
1863 360 2000 409 vn.

526 1401 730 1447 mato.
798 1396 869 1444 Et
884 1395 1043 1458 pietas
1063 1398 1155 1443 tua
1174 1395 1285 1444 talis
1296 1394 1525 1457 patefecit
1558 1408 1610 1443 ee
1643 1394 1696 1442 iu
1729 1398 1873 1442 oetate
1907 1398 2092 1443 tenera.-
2124 1393 2198 1443 ita
2217 1406 2342 1442 vero
2361 1390 2570 1457 pueritia
2588 1406 2722 1455 supe-

527 1465 637 1510 rata
652 1466 724 1510 ert
742 1459 808 1510 ab
829 1460 984 1509 animo
1006 1456 1114 1520 tuo,
1149 1463 1205 1507 ut
1239 1459 1394 1507 cuncti
1414 1462 1802 1522 conquererentur
1818 1462 2052 1521 sceptrum
2071 1458 2360 1507 commissum
2379 1455 2476 1505 tibi
2508 1470 2605 1506 esse
2627 1461 2730 1504 tar-

528 1526 665 1575 dius:
695 1524 899 1575 victoria
914 1522 1369 1587 promta‚felicitate
1401 1528 1503 1588 tua,
1540 1522 1682 1582 faeta
1705 1530 1813 1571 est:
1847 1521 1980 1571 ambo
2007 1523 2282 1572 decertatis
2293 1537 2312 1579 ,·
2343 1526 2398 1570 tu
2409 1520 2520 1580 fato
2543 1524 2726 1579 tum-et

522 1594 668 1654 poter
683 1592 881 1639 dextera
902 1603 1023 1637 sua:
1058 1588 1113 1636 ob
1134 1592 1184 1635 te
1202 1588 1348 1650 Alpes
1368 1588 1515 1636 etiam
1541 1584 1755 1635 fuerunt
1777 1585 1952 1645 faciles
1987 1590 2244 1648 occupatu:
2274 1600 2360 1643 nec
2373 1584 2580 1649 profecit
2602 1584 2728 1636 hosti

528 1654 699 1705 callido
718 1652 941 1704 macine
970 1653 1025 1701 in
1060 1651 1174 1701 locis
1207 1651 1397 1701 naumis
1408 1667 1430 1710 ‚·
1460 1666 1567 1715 spes
1593 1664 1719 1700 vana
1747 1650 1866 1699 valli
1900 1650 2098 1714 comit,
2119 1655 2166 1699 et
2187 1650 2414 1715 repagula
2434 1653 2600 1713 aperta
2618 1654 2728 1697 sunt

1452 1775 1810 1796 “menet“

533 1865 787 1912 terte-85
814 1859 969 1924 pietas
988 1858 1181 1909 rudibus
1199 1859 1320 1909 Vat.
1344 1864 1401 1909 et
1420 1859 1575 1909 Fam.
1612 1858 1696 1909 ed.
1719 1859 1894 1909 Vicet.
1929 1866 1986 1909 et
2025 1860 2094 1911 al.
2127 1857 2321 1908 rudibus
2353 1859 2508 1922 pietas
2544 1857 2734 1925 reliqui

532 1940 717 1990 magno
737 1939 968 1987 numero,
993 1925 1123 1974 Exe.‘
1142 1926 1361 1973 Lucens.
1386 1934 1478 1987 pr.
1502 1930 1559 1973 et
1575 1923 1792 1974 Gevart.
1815 1926 1939 1974 Var.
1965 1926 2124 1973 LL.-e
2145 1938 2306 1987 marg.
2329 1924 2514 1973 Pau-rm
2529 1926 2736 1971 ostentet

533 1990 659 2039 Vat.
684 2003 763 2053 pr.
786 1990 941 2039 Far-n.
961 1989 1085 2038 Ald.
1108 1988 1192 2039 ed.
1216 1988 1390 2039 Vicet.
1412 1989 1587 2038 Parm.
1609 1988 1645 2039 J
1651 1996 1762 2038 unt.
1783 1988 1973 2053 Isingr.
1996 1995 2051 2037 et
2074 1990 2139 2038 al.
2161 1992 2362 2037 ostentet
2380 1986 2566 2037 Sched.
2592 1986 2735 2036 Gud.

532 2054 738 2103 ostendit
757 2054 939 2118 reliqui
962 2052 1075 2103 fere
1096 2063 1293 2115 omnes,
1316 2055 1444 2103 Exc.
1470 2054 1690 2103 Lucens.
1728 2067 1821 2116 pr:
1845 2059 1902 2103 et
1925 2053 2273 2103 Gevart.-86
2303 2052 2442 2101 cessit
2462 2051 2736 2100 vel-crescit

536 2118 639 2167 duo
668 2118 792 2170 Vat.
829 2124 886 2167 et
926 2117 1111 2167 Petav.
1148 2124 1227 2180 pr.
1266 2118 1432 2167 crescit
1454 2116 1604 2167 Leid.
1625 2132 1695 2167 m.
1734 2132 1815 2181 pr.
1839 2122 2112 2179 queruntur
2149 2121 2202 2165 at
2219 2116 2342 2167 Jun.
2367 2131 2444 2179 pr.
2465 2120 2736 2164 vererentur

534 2182 664 2231 Var.
685 2182 790 2233 LL.
814 2183 897 2231 ed.
921 2180 1212 2232 Antv.—-8⁷
1245 2182 1337 2230 sibi
1372 2182 1517 2231 Med.
1557 2195 1663 2232 sec.
1700 2182 1902 2230 victoria
1931 2182 2042 2230 loeta
2064 2180 2244 2232 Ambr.
2271 2184 2482 2244 pr.—88
2508 2180 2738 2243 pugnatis

536 2245 726 2296 Petam
749 2251 963 2309 pia—90
994 2247 1157 2295 invadi
1174 2246 1351 2305 faciles
1369 2245 1576 2309 plurimi
1601 2244 1767 2294 codd.
1786 2246 1917 2295 Exe.
1942 2246 2161 2294 Lucem.
2182 2259 2262 2308 pr.
2287 2250 2344 2293 et
2367 2244 2586 2293 Gevart.
2610 2242 2734 2293 Ald.

538 2316 594 2359 et
618 2310 699 2359 ed.
718 2310 891 2360 Vicet.
911 2312 1094 2360 invadit
1117 2311 1183 2360 al.
1206 2325 1291 2359 nec
1321 2310 1507 2373 profuit
1528 2310 1651 2359 Var.
1676 2310 1780 2359 LL.
1803 2324 1832 2358 e
1853 2324 2015 2373 marg.
2041 2309 2218 2359 Parm.
2239 2324 2331 2357 non
2355 2308 2526 2357 Oxou.
2549 2322 2628 2371 pr.
2653 2322 2736 2358 nec

535 2374 619 2421 vel
638 2388 731 2422 non
752 2374 1014 2437 Reg.-91
1048 2376 1145 2423 voti
1168 2389 1259 2439 pro
1296 2375 1409 2424 valli
1444 2375 1568 2423 Put.
1589 2374 1787 2422 Thuan.
1826 2374 2027 2423 Bonon.
2051 2374 2302 2424 Pan—92
2336 2377 2491 2421 castra
2511 2372 2636 2421 Vat.
2657 2386 2737 2433 pr.

536 2438 655 2487 Pal.
681 2437 824 2489 Prie.
847 2438 995 2489 Med.
1018 2453 1099 2503 pr.
1119 2439 1327 2488 remissis
1346 2438 1529 2489 Ambr.
1552 2453 1632 2503 pr.
1655 2438 1844 2487 reclusis
1865 2438 1966 2489 inc.
1992 2438 2172 2487 Heius.
2192 2453 2262 2488 m.
2286 2440 2498 2501 pre-9³
2530 2436 2740 2499 Aquiloni

1525 2567 1748 2619 NOTAE

604 2684 667 2731 8⁵
701 2679 919 2731 Ruaibm
936 2682 987 2731 in
1009 2682 1169 2745 annis]
1202 2684 1264 2732 In
1288 2688 1445 2734 aetate
1477 2698 1602 2746 pue-

540 2756 640 2816 rui,
666 2764 863 2820 tenera,
880 2760 1011 2821 rudi,
1032 2760 1271 2823 imperita
1286 2761 1339 2807 in
1358 2760 1489 2819 aliis,
1508 2760 1600 2808 sed

538 2832 591 2881 in
616 2834 849 2883 Honorio
859 2835 971 2897 jam
994 2835 1143 2883 rebus
1162 2836 1403 2899 gerendis
1422 2836 1603 2898 habili,

540 2907 664 2971 quia
684 2908 845 2956 virtus
868 2910 1120 2971 praevenit
1141 2924 1313 2957 annos.
1350 2908 1598 2958 Ovidius:

538 2982 553 3009 ‘
580 2981 853 3043 Ingenium
876 2984 1089 3031 eoeleste
1129 2984 1231 3032 tuis
1267 2985 1494 3033 velocius
1517 2999 1602 3033 an-

540 3056 621 3106 nis
643 3056 867 3119 Crescit,
884 3064 940 3106 et
963 3058 1162 3121 ignavae
1184 3057 1288 3108 fert
1311 3060 1443 3108 male
1467 3060 1604 3109 dam·

542 3146 612 3183 na
642 3129 834 3181 morae!

547 3230 555 3237 ‹
608 3205 795 3271 Pietas]
833 3206 1089 3271 intelligit
1128 3207 1223 3257 snb
1260 3209 1463 3259 nomine
1498 3209 1604 3273 pie-

544 3280 687 3343 tatis,
710 3280 955 3331 virtutem
980 3296 1215 3343 omnem3
1250 3284 1333 3333 vel
1354 3284 1604 3349 intelligit

546 3357 817 3423 pietatem,
837 3359 973 3422 quod
997 3372 1165 3409 rerum
1203 3360 1431 3410 habenas
1454 3375 1603 3425 egre-

545 3434 631 3498 gie
652 3432 1024 3497 moderaretur,
1044 3436 1208 3498 patris
1230 3436 1449 3499 imperio
1482 3437 1604 3487 obe·

546 3510 691 3561 diens
710 3525 724 3570 ;
754 3510 813 3559 id
839 3511 977 3575 quod
999 3517 1080 3562 est
1102 3526 1301 3577 magnae
1323 3512 1552 3577 pietatis.

610 3590 676 3634 89
710 3586 782 3635 Tu
804 3586 955 3650 fatis]
988 3588 1315 3652 Exquisitum
1352 3590 1607 3639 adunatio-

544 3660 625 3711 nis
642 3676 821 3725 genus,
840 3677 953 3713 nam
974 3678 1090 3713 cum
1108 3680 1209 3714 non
1227 3663 1460 3728 potuerit
1478 3681 1607 3728 puer

547 3751 644 3801 per
680 3742 891 3787 aetatem
930 3738 1195 3789 debellare
1228 3742 1418 3804 hostes,
1452 3740 1610 3803 poeta

548 3812 683 3862 dicit
722 3812 1005 3863 debellatos
1046 3830 1177 3877 esse,
1220 3815 1473 3867 felicitate
1516 3831 1608 3865 seu

547 3886 659 3937 fato
703 3889 925 3938 Honorii
971 3897 1359 3953 propugnante:
1405 3892 1611 3940 eodem-

550 3978 651 4028 que
672 3963 783 4015 fato
808 3968 968 4015 multa
986 3982 1097 4015 esse
1117 3966 1323 4017 felicius
1346 3974 1512 4031 gesta.

620 4044 907 4107 Genitorque
944 4046 1108 4109 mnu]
1154 4045 1475 4096 Theodosius
1508 4043 1612 4095 for·

552 4115 778 4166 tissimus
801 4118 1112 4182 Imperator,
1141 4136 1257 4172 cum
1287 4122 1491 4171 videret
1512 4121 1612 4169 Ar-

551 4190 804 4255 bogasten
820 4194 958 4245 inter
974 4210 1179 4247 suorum
1191 4195 1499 4261 fugientium
1512 4211 1613 4246 οω-

1683 2682 1800 2731 dem
1839 2697 1901 2732 ac
1932 2684 2230 2745 sanguinem
2264 2684 2600 2747 triumphare,
2621 2696 2744 2732 con·

1681 2758 1819 2823 fugit
1835 2758 1899 2806 ad
1923 2759 2170 2807 auxilium
2189 2758 2446 2818 divinum3
2481 2765 2537 2807 et
2560 2774 2625 2806 ex
2649 2760 2747 2807 Ce-

1682 2833 1860 2893 doeno,
1881 2848 1978 2897 pro
2001 2835 2151 2895 galea
2190 2833 2406 2881 induens
2430 2834 2744 2896 epomidem,

1681 2924 1774 2973 pro
1808 2910 1956 2958 hasta
1991 2910 2184 2972 virgam
2222 2909 2275 2957 in
2313 2908 2539 2972 speciem
2571 2910 2745 2961 crucis

1683 3000 1786 3033 una
1807 2998 1958 3033 manu
1980 2990 2204 3047 gestam,
2231 2990 2288 3033 et
2324 2986 2488 3033 altera
2509 2986 2748 3049 Evange-

1681 3060 1828 3123 lium,
1879 3076 1996 3110 suos
2035 3062 2272 3125 palantes
2311 3062 2375 3110 ad
2416 3064 2648 3125 praelium
2690 3069 2747 3113 et

1683 3135 1951 3185 victoriam
1981 3136 2265 3186 revocavit.
2324 3138 2410 3187 Sic
2428 3138 2744 3189 Theodosius

1683 3210 1736 3257 in
1776 3210 2001 3259 Nummo
2037 3212 2208 3275 pictus
2231 3220 2330 3274 est,
2352 3212 2500 3275 cujus
2535 3214 2749 3264 Nummi

1685 3283 1852 3349 imago
1875 3285 2082 3335 videtur
2101 3288 2156 3335 in
2177 3287 2394 3336 historie
2415 3289 2648 3339 Baronii.

1748 3362 1920 3425 Alpes]
1969 3363 2178 3413 Montes
2233 3362 2422 3413 Galliae
2471 3366 2746 3431 Italiaeque

1685 3453 1998 3504 communes,
2019 3455 2234 3505 quorum
2273 3440 2443 3491 aditus
2474 3440 2749 3491 obsederat

1685 3514 2014 3579 Arbogastes.
2621 3550 2628 3558 -
2679 3532 2686 3539 ·

1751 3596 1816 3640 90
1848 3592 2044 3654 Invasit]
2091 3592 2254 3655 Alpes
2290 3590 2441 3643 facile
2477 3593 2650 3646 invadi
2693 3601 2751 3644 et

1687 3666 1930 3729 occupari
1957 3673 2185 3731 possunt.
2215 3668 2452 3717 Valerius
2470 3668 2752 3734 Maximus,
2793 3680 2799 3687 ·

1687 3744 1702 3770 ‘
1725 3742 2038 3791 Invadendae
2075 3742 2490 3793 Lacedaemonis?

1753 3821 1815 3865 91
1853 3818 2059 3866 Munitis
2073 3818 2260 3868 hoesisse
2277 3818 2412 3882 locis]
2436 3819 2528 3868 Nil
2552 3817 2751 3882 profuit

1689 3892 2036 3941 adhaerescere
2059 3895 2268 3957 optimis
2289 3895 2638 3944 mnnImentis„

1755 3974 1820 4018 92
1873 3970 2113 4033 Claustra]
2162 3971 2274 4036 Ipsi
2315 3972 2494 4021 aditus.
2527 3974 2749 4036 alicujus

1693 4045 1997 4107 provinciae,
2012 4046 2103 4094 sed
2125 4048 2416 4112 praesertim
2435 4046 2604 4098 aditus
2623 4045 2754 4097 saie-

1693 4120 1848 4182 brosi,
1901 4137 1962 4171 ac
2019 4120 2275 4175 difficiles.
2341 4124 2508 4187 Vulgo
2562 4129 2754 4175 vocent

1691 4198 1858 4260 clares,
1878 4199 2094 4248 Κλεῖδαε.
2137 4240 2142 4245 ,
