3184 4967
642 435 730 506 48
1325 487 1334 497 .
1468 455 2031 506 raonneommu

651 599 850 686 qupd·
846 598 1360 666 difficillimum·
1341 617 1410 662 in
1440 599 1570 664 hoc
1608 605 1844 681 genere
1875 605 2015 676 est,
2026 605 2103 664 ut
2132 601 2223 666 et
2230 599 2608 667 satietatem
2636 601 2847 687 {catch

647 720 792 766 rum
847 703 1084 778 e‘vites,
1125 708 1194 763 et
1237 702 1306 764 iu
1350 707 1704 782 puerorum
1759 700 2047 766 ludibria
2082 719 2215 768 non
2240 699 2530 777 incidas,
2551 701 2682 768 hoc
2710 698 2851 768 fere

645 812 906 886 semper
947 804 1244 886 providit
1283 803 1691 888 inexhausta
1734 803 1979 884 ingenii
2027 803 2131 868 sui
2161 803 2399 885 copia.
2490 801 2665 870 Mihi
2702 806 2851 888 qui-

649 903 822 982 dem,
883 907 1245 970 carminum
1292 879 1649 971 lectionem
1696 923 1819 985 per
1847 901 2197 968 intervalla
2238 903 2576 986 repetenti,
2616 904 2851 972 oborta

651 1024 912 1088 semper
941 1015 1049 1072 est
1077 1027 1160 1072 ea
1191 1008 1631 1089 cogitatio,'ut
1660 1011 2032 1082 statuerem,
2084 1001 2527 1071 &audianum
2556 1020 2695 1072 non
2712 1009 2849 1074 tam

649 1108 1121 1177 sententiarum
1143 1109 1358 1192 copiae
1389 1107 1746 1183 studuisse,
1778 1106 2041 1172 etiamsi
2068 1112 2133 1170 et
2159 1105 2265 1170 his
2290 1105 2615 1183 abundat,
2648 1126 2851 1189 quam

657 1207 935 1292 singulis
963 1230 1139 1274 novo
1169 1229 1434 1292 semper
1461 1209 1664 1272 niodo
1695 1208 2057 1285 variandis,
2098 1214 2297 1290 atque
2328 1208 2397 1270 in
2419 1206 2547 1274 hac
2577 1227 2647 1274 re
2678 1227 2853 1275 sum·

651 1329 831 1377 mam
881 1312 1274 1376 elocutionis
1325 1311 1727 1375 collocasse.
1822 1310 1913 1392 ln·
1960 1311 2185 1386 verbis
2236 1321 2509 1391 semper.
2551 1315 2853 1376 summus

651 1413 874 1478 adhibi
884 1421 996 1478 tus
1011 1421 1130 1476 est
1155 1414 1480 1489 delectuS,
1515 1413 1629 1482 'ita
1654 1417 1727 1476 ut
1754 1413 1823 1475 in
1850 1412 2045 1476 rebus
2070 1411 2423 1476 laudandis
2452 1411 2851 1490 gravissima

650 1531 966 1598 quaeque.
991 1523 1060 1579 et
1111 1516 1532 1579 ornatissima
1577 1521 1644 1578 et
1686 1515 2051 1578 maximam
2080 1513 2221 1577 vim
2246 1512 2566 1586 habentia
2592 1511 2849 1594 delege-

647 1615 767 1696 rit3
796 1618 864 1682 in
891 1616 1341 1698 vituperandis
1361 1615 1542 1678 haud
1571 1635 1719 1678 raro
1748 1615 2015 1696 quidem
2048 1614 2133 1677 ad
2160 1612 2382 1694 turpia
2410 1612 2851 1688 descendit3in

650 1715 902 1802 quibus
945 1723 1166 1782 tamen
1211 1718 1318 1780 vel
1361 1737 1649 1787 acumen,
1666 1718 1778 1780 vel
1800 1716 2237 1797 elegantiam,
2276 1712 2608 1795 siquidem
2636 1713 2755 1778 illa
2780 1712 2849 1778 in

640 1817 1016 1888 istiusmodi
1067 1821 1260 1882 rebus
1286 1803 1502 1902 possit
1545 1818 1767 1880 locum
1792 1817 2059 1893 habere,
2092 1821 2450 1897 agnosceS,.,
2470 1821 2683 1900 neque
2727 1833 2847 1878 un·

647 1937 878 2002 quam,
907 1925 1207 1984 ornatum
1263 1918 1607 2002 poeticum
1658 1917 2088 1982 desiderabis.
2182 1915 2499 1997 Inprimis·
2544 1914 2629 1980 ad
2662 1915 2849 1980 indo·

642 2021 774 2086 hm
801 2019 1148 2084 Claudiani
1180 2022 1498 2085 sermonis
1525 2021 1805 2104 pertinet
1848 2020 2393 2102 gravissimorum
2414 2017 2849 2098 epithetomm

649 2123 874 2204 copia,
930 2142 1261 2204 nusquam
1308 2123 1444 2184 fere
1497 2128 1759 2198 temere,
1814 2121 1935 2184 sed
1990 2139 2234 2200 magna
2293 2137 2442 2184 cum
2509 2117 2849 2200 diligentia

629 2217 1039 2314 positorum,
1100 2243 1257 2305 quae
1315 2223 1580 2305 quidem
1632 2221 1956 2286 interdum
2007 2221 2211 2284 nimio
2280 2218 2504 2283 studio
2562 2221 2849 2301 quaesita

641 2325 974 2408 pauloque
1023 2326 1218 2390 altius
1263 2328 1465 2409 petita
1507 2330 1683 2402 sunt,
1727 2329 1800 2388 ut
1844 2325 1960 2387 vix
2004 2323 2233 2405 possis
2274 2321 2635 2403 dispicere,
2686 2323 2849 2405 quid

643 2426 848 2508 poeta
887 2417 978 2491 sit
1001 2431 1293 2490 secutus.
1383 2425 1527 2490 Illis
1557 2427 1980 2510 potissimum
2011 2444 2173 2490 usus
2192 2429 2297 2490 est
2324 2443 2449 2505 pro
2480 2423 2843 2508 gemmulis,

604 2562 611 2568 ·
653 2527 904 2610 quibus.
921 2529 1282 2592 orationem
1311 2529 1760 2610 distingueret,
1790 2533 1855 2590 et
1884 2526 2323 2611 splendorem,
2341 2543 2470 2590 non
2497 2531 2634 2589 tam
2661 2531 2845 2606 grato

640 2625 891 2694 lumine
909 2630 1288 2710 fulgentem,
1321 2649 1522 2712 quam
1553 2629 2038 2702 scintillantem,
2060 2646 2179 2708 per
2199 2630 2411 2688 totum
2440 2624 2590 2707 ejus
2614 2624 2847 2694 decur-

643 2747 789 2793 sum
799 2731 1219 2808 diffunderet,
1241 2731 1356 2814 qui
1387 2750 1653 2813 quoque
1682 2749 1833 2792 eam
1863 2731 1997 2793 vim
2024 2727 2272 2803 habuit,
2298 2734 2373 2791 ut
2400 2728 2505 2790 vel
2533 2727 2845 2791 doctissi-

637 2851 898 2898 morum
943 2840 1011 2897 et
1061 2833 1689 2914 elegantissimorum
1740 2832 2030 2893 virorum
2066 2829 2297 2894 oculos
2327 2829 2495 2894 adeo
2520 2829 2844 2905 deliniret,

635 2937 711 2997 ut
739 2934 808 2996 in
835 2935 1107 3016 reliquis
1135 2931 1460 2999 sermonis
1489 2933 1672 2996 vitiis
1716 2932 2121 3008 coecutirent,
2168 2937 2283 2994 aut
2314 2931 2580 3012 judices
2624 2938 2845 2996 essent

640 3029 842 3105 nimis
867 3035 1193 3108 dissoluti.
1280 3034 1536 3097 Omnes
1567 3035 1743 3103 enirn
1786 3033 2267 3117 propemodum
2294 3033 2391 3096 ita
2420 3032 2844 3098 existimare-

640 3141 824 3212 nm,
841 3133 1285 3199 Claudianum
1309 3134 1578 3218 poetam
1610 3155 1754 3198 esse
1783 3135 1949 3200 inter
1979 3135 2253 3201 Latinos
2274 3133 2566 3213 Virgilio
2589 3139 2844 3199 tantum

643 3237 1194 3320 postponendum,
1235 3238 1523 3320 ejusque.
1553 3238 1842 3302 lectione
1877 3237 2295 3300 vehementer
2318 3235 2635 3300 'delectati
2654 3241 2843 3302 “sunt-

643 3337 819 3415 Nec,
851 3340 910 3401 si
941 3341 1262 3403 semeriis
1291 3339 1540 3403 cultum
1585 3345 1651 3403 et
1702 3340 2141 3422 splendorem,
2188 3339 2535 3402 verborum
2566 3352 2843 3411 suavem

641 3440 1177 3516 collocationem,
1193 3459 1506 3504 versuum
1533 3460 1883 3522 numerum.
1903 3446 1969 3504 et
1999 3441 2409 3522 diligentiam
2436 3437 2839 3513 consideres,

638 3539 843 3603 habes
875 3561 1054 3617 saue,
1087 3541 1270 3624 quod
1295 3543 1552 3606 illorum
1575 3543 1907 3626 judicium
1938 3543 2339 3625 'magnopere
2366 3538 2839 3622 deprehendas,

639 3637 886 3725 quippe
914 3643 1030 3726 qui
1059 3644 1130 3706 in
1167 3643 1324 3718 illis,
1353 3663 1504 3725 quae
1535 3645 1623 3708 ad
1654 3646 2080 3714 instrumenta
2096 3645 2350 3706 tantum
2374 3643 2533 3704 arti’s
2554 3638 2841 3721 poetica

638 3744 880 3805 rectius
909 3743 1250 3806 referenda
1298 3749 1472 3820 sunt,
1509 3765 1713 3826 quam
1742 3746 1829 3807 ad
1859 3763 2085 3808 veram
2114 3743 2263 3825 ejus
2306 3742 2595 3805 indolem
2624 3745 2695 3804 et
2721 3759 2838 3806 na.-

639 3849 878 3921 turam,
907 3860 1164 3908 omnem
1192 3844 1374 3906 illius
1402 3843 1742 3918 facultatis
1786 3843 1921 3908 vim
1950 3846 2155 3908 sitam
2174 3863 2325 3908 esse
2344 3842 2837 3922 arbitrarentur..

636 3941 804 4008 Sunt
825 3950 1044 4007 tamen
1063 3945 1410 4008 verborum
1433 3951 1499 4009 et
1530 3946 2050 4008 enuntiationum
2080 3943 2601 4026 complexioneS,
2632 3958 2839 4025 quan·

638 4063 866 4128 quam,
893 4063 1082 4108 suam
1132 4043 1527 4111 suavitatem
1579 4047 1841 4124 haberit,
1893 4047 2296 4129 auribusque
2340 4050 2671 4108 concentu
2708 4061 2837 4110 suo

636 4145 1074 4225 blandiuntur,
1115 4151 1420 4214 oratoriae
1461 4150 1679 4230 magis
1702 4169 1911 4232 quam
1940 4147 2252 4231 poeticae.
2338 4146 2549 4210 Modo
2577 4149 2837 4209 senten·-

637 4246 751 4312 tiae
780 4265 901 4330 per
926 4248 1213 4330 plurium
1239 4251 1709 4328 membrorum,
1740 4268 2103 4330 „numerose
2130 4254 2201 4314 et
2224 4249 2545 4322 concinne
2572 4247 2739 4312 inter
2758 4264 2835 4312 se
