3184 4967
1116 355 1199 412 11⁴1
1252 359 1696 412 nurnomuu
1747 361 1900 411 mn.
1948 363 1997 412 ι.
2526 345 2658 416 487

457 503 545 570 In
568 505 903 572 volucrem
930 504 1207 583 TereuS‚
1238 503 1535 570 Cadmus
1564 525 1639 572 se
1665 508 1864 572 vertit
1889 507 1958 570 in
1987 525 2288 589 anguem.
2393 579 2410 588 ,

460 608 687 690 Scylla
712 628 921 672 novos
949 593 1187 676 mirata
1218 628 1441 672 canes.
1510 609 1734 690 *Hunc
1763 609 1996 673 arbore
2025 609 2186 690 figit,

458 707 705 772 Elevat
730 709 901 773 hunc
934 711 1187 792 pluma,
1222 711 1517 794 squamis
1544 712 1716 777 hunc
1743 710 1974 774 fabula
2000 711 2218 787 vestit,
2529 709 2661 774 295

461 811 664 876 Hunc
694 812 895 876 solvit
925 813 1156 877 fluvio.
1242 813 1601 896 Nusquam
1631 812 1848 895 spado
1880 809 2132 875 Consul
2161 813 2228 874 in
2257 813 2436 892 orbe,

458 912 614 977 Nec
638 913 851 995 judex
879 914 1215 993 ductorve,
1242 915 1391 978 fuit.
1486 913 1980 996 Quodcumque
2008 915 2298 985 virorum

459 1010 585 1076 Est
611 1013 844 1090 decus,
876 1015 1164 1078 eunuchi
1192 1014 1409 1078 scelus
1434 1021 1561 1078 est.
1653 1015 1986 1097 Exempla
2015 1021 2342 1093 creantur,

461 1113 633 1192 Quae
665 1115 849 1178 socci
882 1121 1196 1198 superent
1222 1117 1423 1193 risus,
1457 1118 1814 1198 luctusque
1846 1116 2169 1180 cothurni.

464 1215 688 1294 Quam
714 1216 987 1298 pulchre
1022 1222 1423 1299 conspectus
1454 1223 1622 1312 erat,
1651 1237 1804 1281 cum
1833 1216 2137 1280 tenderet
2163 1220 2344 1282 artus
2531 1217 2663 1290 300

460 1410 609 1456 avem,
632 1397 835 1444 Cadmus
850 1396 902 1445 in
918 1401 1177 1460 serpentem
1190 1413 1206 1446 .·
1229 1396 1388 1460 Scylla
1402 1397 1642 1460 obstupuit
1662 1395 1799 1446 eanes'
1819 1409 1959 1445 novoe
1986 1411 2052 1444 ex
2075 1410 2131 1444 se
2151 1400 2300 1444 natos
2319 1393 2518 1454 :fabula
2539 1395 2663 1445 hunc

460 1459 655 1514 factum
680 1461 891 1510 arborem
908 1463 1113 1524 plantat,
1132 1461 1321 1510 extollit
1337 1463 1469 1510 illum
1485 1462 1673 1524 pennis,
1710 1461 1832 1510 Eune
1863 1461 2017 1523 operit
2055 1460 2272 1524 squamis,
2301 1461 2434 1509 illum
2467 1459 2664 1524 liquefa-

459 1524 526 1572 cit
546 1523 595 1571 in
598 1525 823 1588 fluvium.
892 1525 1133 1587 Nusquam
1154 1526 1389 1574 eunuchus
1423 1525 1591 1574 extitit
1617 1525 1788 1574 Consul
1823 1527 1875 1574 in
1915 1525 2104 1587 mundo,
2133 1539 2278 1586 neque
2310 1525 2488 1585 Judex,
2521 1539 2666 1586 neque

456 1587 589 1648 ¹Dua·
606 1605 622 1637 .·
654 1588 874 1650 quicquid
888 1589 1129 1637 honestum
1148 1595 1217 1637 eet
1234 1590 1371 1648 viri-3,
1394 1591 1567 1638 crimen
1586 1595 1659 1639 eet
1679 1590 1915 1645 eunuch&
1953 1589 2168 1652 exempla
2201 1589 2541 1652 producuntur,
2559 1598 2664 1650 quoe

461 1653 648 1702 vincam
659 1651 869 1711 facetias
888 1653 1139 1716 comoedioe,
1161 1657 1210 1702 et
1244 1653 1491 1702 tristitiam
1513 1653 1776 1716 tragoedioe.
1847 1653 2002 1710 Quom
2035 1653 2149 1702 belle
2169 1653 2452 1716 Eutropius
2473 1651 2668 1718 aspicie*

1389 1780 1744 1801 OOOOOOOOW

464 1858 569 1907 duo
590 1860 736 1909 Vatt.
761 1859 876 1909 Pal.
933 1860 1123 1909 Eritrei
1154 1861 1349 1911 Moret.
1388 1875 1469 1924 pr.
1526 1861 1719 1909 Erithei
1742 1861 1934 1912 Moret.
1957 1875 2060 1910 sec.
2114 1859 2300 1910 Arneai
2331 1859 2472 1909 Pric.
2527 1859 2668 1909 Arie-

460 1923 534 1971 tei
552 1924 677 1973 Jun.
702 1939 780 1987 pr.
840 1924 1024 1973 Erietei
1044 1924 1213 1974 Oxou.
1237 1940 1340 1974 sec.
1391 1939 1520 1974 eoena
1554 1925 1697 1974 Rott.
1731 1926 1896 1975 Oisel.
1939 1925 2084 1974 Leid.
2107 1938 2208 1972 sec.
2231 1924 2376 1973 Med.
2402 1929 2520 1973 tert.
2543 1924 2667 1973 Put.

462 1986 565 2036 duo
604 1988 789 2038 Petav.
812 1988 910 2037 inc.
937 1989 1119 2038 Heius·
1142 1991 1275 2039 Exc.
1310 1991 1526 2038 Lucens-
1550 2003 1632 2052 pr.
1653 1989 1738 2038 ed.
1759 1990 1934 2039 Vicet.
1955 1990 2081 2038 Var.
2104 1989 2208 2036 LL.
2233 1988 2318 2038 ed.
2344 1989 2502 2038 Antv.
2553 2003 2668 2037 em

461 2051 659 2102 Mor-et.
703 2067 808 2101 sec.
852 2053 925 2100 Hi
956 2053 1057 2101 duo
1081 2067 1205 2101 vero
1232 2067 1411 2101 versus
1440 2053 1491 2100 in
1512 2053 1707 2100 Thuan.
1730 2052 2270 2102 desiderantum—294
2301 2057 2486 2101 mutata
2507 2051 2669 2112 Oiael.

464 2114 635 2175 Oxou.
662 2131 739 2177 pr.
793 2121 973 2163 mutata
1010 2117 1091 2164 vel
1128 2116 1305 2164 mirata
1337 2117 1421 2164 vel
1454 2115 1648 2163 imitata
1677 2115 1802 2164 Vat.
1837 2130 1918 2178 pr.
1963 2116 2083 2163 hanc
2119 2116 2350 2164 Florent.
2405 2117 2529 2165 hunc
2543 2117 2668 2165 Vat-

465 2178 633 2228 Livin.
689 2179 809 2226 hane
841 2181 925 2226 vel
966 2180 1087 2228 hunc
1120 2177 1245 2228 Ald.
1296 2180 1457 2240 signat
1490 2179 1611 2227 Vat.
1643 2179 1810 2242 quint.
1849 2178 2008 2244 fingit
2032 2179 2158 2228 Lov.
2181 2179 2379 2227 Bonou.
2403 2179 2526 2228 Pat.
2545 2180 2669 2228 Put.

462 2242 663 2290 Thnan.
688 2242 834 2290 Leid.
856 2257 961 2292 sec.
985 2258 1051 2291 m.
1075 2257 1153 2306 pr.
1176 2242 1319 2292 Med.
1354 2257 1459 2292 sec.
1498 2257 1565 2292 m.
1588 2257 1670 2306 pr.
1695 2243 1796 2292 duo
1821 2243 1994 2292 Oxou.
2017 2248 2072 2290 et
2094 2242 2278 2292 Petav.
2295 2243 2426 2292 Exc.
2449 2242 2670 2294 Gevart.

450 2305 611 2367 finxit
633 2306 775 2354 Prie.
809 2305 933 2369 figit
957 2308 1039 2354 vel
1064 2307 1233 2370 figunt
1276 2308 1395 2356 Vat.
1422 2311 1712 2356 tert.—-295
1749 2306 1920 2356 Flebat
1945 2321 2038 2369 pro
2063 2307 2234 2356 Elevat
2256 2308 2378 2356 Vat.
2401 2320 2480 2369 pr.
2497 2321 2566 2355 m.
2589 2321 2668 2370 pr.

460 2368 671 2420 Reoehit
710 2369 853 2418 Med.
872 2379 1045 2432 quart.
1080 2370 1258 2418 Evenit
1281 2371 1410 2421 Exc.
1436 2368 1653 2418 Gevart.
1705 2371 1825 2418 Itane
1846 2373 1966 2420 Vat.
1991 2377 2112 2419 tert.
2134 2371 2364 2420 Flet-ent.
2411 2371 2536 2420 hune
2561 2377 2670 2420 tres

466 2433 611 2482 Vatt.
634 2433 747 2482 Pal.
772 2434 924 2482 Farn.
948 2434 1108 2482 Oisel.
1160 2435 1335 2496 plumis
1374 2433 1570 2482 Mazar.
1619 2435 1778 2496 pluma
1810 2433 1924 2496 *duo
1956 2433 2140 2484 Leidd.
2179 2442 2234 2483 et
2255 2434 2426 2483 Oxou.
2445 2435 2566 2486 Jun.
2590 2449 2670 2498 pr.

466 2496 588 2546 Put.
607 2498 736 2558 Reg.
756 2497 905 2546 ambo
928 2498 1120 2546 Moret.
1145 2498 1268 2546 Lov.
1298 2504 1403 2546 tres
1426 2496 1730 2546 Petav.Ald
1769 2497 1856 2545 ed.
1881 2496 2111 2546 Plautin.
2150 2497 2274 2546 item
2295 2500 2420 2550 Var.
2458 2499 2564 2548 LL.
2588 2498 2672 2548 ed.

464 2558 626 2608 Antv.
681 2561 800 2608 hane
820 2559 993 2618 sabula
1016 2568 1238 2625 quatuor
1259 2563 1405 2609 Vatt.
1426 2561 1541 2610 Pal.
1564 2561 1718 2610 Fam.
1738 2561 1899 2610 Oisel.
1951 2561 2095 2609 vertit
2132 2562 2491 2610 Mazar.·—296
2525 2563 2673 2611 Hunc

464 2632 691 2688 quatuor
732 2626 878 2674 Vatt.
908 2625 1023 2674 Pal.
1056 2627 1213 2674 Farn.
1236 2625 1375 2674 Prie.
1398 2625 1544 2673 Rott.
1581 2624 1745 2674 Oisel.
1768 2640 1885 2674 eum
1909 2625 2094 2687 glossa,
2117 2625 2150 2674 i.
2175 2639 2220 2674 e.
2273 2626 2392 2675 Mar
2444 2640 2522 2674 am
2541 2627 2672 2674 Tho-

464 2689 563 2737 loa.
588 2695 697 2736 tres
722 2689 899 2737 Ambr.
940 2689 1072 2738 Exc.
1110 2689 1259 2738 Laeti.
1314 2689 1435 2736 laune
1470 2689 1572 2738 Ms.
1609 2689 1754 2738 Delr.
1803 2690 1924 2737 hunc
1947 2688 2136 2752 ubique
2150 2688 2394 2738 habente
2433 2689 2673 2739 d.Vicet.

467 2749 641 2802 Parm.
669 2755 873 2802 Demst.
913 2753 1089 2814 Caesii,
1132 2754 1304 2802 ElzeV.
1350 2753 1532 2802 Barth.
1572 2760 1654 2800 ter
1675 2753 1794 2801 hanc
1815 2759 1870 2800 et
1892 2760 2081 2816 quarto
2101 2754 2216 2801 loco
2238 2754 2359 2802 hunc
2380 2751 2501 2802 Ald.
2524 2754 2672 2804 Junt.

466 2816 636 2864 Colin.
681 2825 861 2865 contra
898 2823 979 2865 ter
1001 2817 1123 2866 hunc
1156 2823 1213 2866 et
1234 2824 1418 2880 quarto
1448 2817 1563 2866 loco
1584 2818 1704 2864 bane
1727 2816 1886 2879 Ising.
1910 2816 2106 2880 Gryph.
2127 2817 2334 2866 Claver.
2357 2817 2523 2880 primo
2547 2831 2672 2867 vero

464 2880 581 2928 loco
602 2881 743 2940 hunc,
766 2879 954 2928 deinde
992 2886 1075 2928 ter
1106 2881 1226 2929 hane
1259 2881 1341 2930 ed.
1379 2881 1529 2942 prim.
1567 2881 1791 2930 Heinsii.
1845 2895 2096 2942 numquam
2133 2887 2355 2944 quatuor
2375 2883 2520 2932 Vatt.
2555 2881 2672 2930 Pal.

466 2943 621 2993 Farn.
665 2944 827 2993 Oisel.
878 2959 1101 3006 nusquam
1135 2946 1263 3008 Reg.
1308 2943 1479 2992 Oxou.
1514 2959 1593 3007 pr.
1643 2945 1694 2993 in
1723 2945 1838 2993 urbe
1875 2945 2024 2994 Fam.
2059 2959 2126 2993 m.
2149 2949 2387 3008 pru—’297
2419 2947 2674 3008 amorque

466 3007 585 3056 Pal.
630 3008 775 3056 Med.
821 3021 900 3071 pr.
942 3009 1147 3058 Tholoa.
1194 3010 1411 3056 ductorve
1444 3009 1573 3057 Exc.
1614 3009 1767 3058 Laeti.
1820 3011 2132 3070 quodcumque
2167 3010 2296 3058 Exc.
2329 3011 2546 3060 Lucem.
2568 3019 2674 3059 aec.

468 3072 741 3132 quicumque
760 3071 844 3120 ed.
866 3072 1201 3120 vicet—298
1236 3072 1461 3120 Eunuchi
1484 3080 1588 3121 tres
1609 3073 1758 3122 Vatt.
1778 3073 1932 3121 Fam.
1958 3073 2203 3121 Eumenis
2214 3075 2335 3122 Vat.
2358 3088 2461 3122 aec.
2477 3074 2674 3124 Moret.

468 3147 571 3184 sec.
614 3135 733 3184 Var.
774 3136 875 3183 LL.
900 3149 929 3182 e
952 3149 1113 3197 marg.
1138 3136 1475 3183 Parm.—299
1504 3137 1620 3184 socii
1639 3151 1750 3185 usus
1771 3151 1866 3199 pro
1886 3137 2008 3184 socci
2035 3137 2158 3185 risus
2175 3137 2300 3186 Jun.
2324 3152 2402 3200 pr.
2451 3143 2677 3200 superant

468 3198 617 3248 Leid.
656 3213 735 3262 pr.
774 3197 956 3247 Ambr.
974 3213 1077 3248 aec.
1102 3198 1246 3248 Med.
1271 3204 1391 3248 tert.
1415 3199 1533 3248 Pat.
1556 3200 1658 3250 inc.
1684 3201 1867 3249 Heius.
1925 3202 2152 3263 musque
2173 3201 2454 3250 Pan—300
2483 3202 2676 3264 pulchre

1462 3336 1678 3388 NOTAE

536 3453 632 3498 293
667 3448 729 3497 In
768 3448 1023 3511 volucrem]
1080 3449 1143 3499 In
1178 3448 1423 3512 Upupam
1444 3450 1537 3498 're-
1675 3452 1864 3502 Arbore
1890 3452 2040 3518 figit]
2095 3452 2172 3501 Ut
2211 3451 2492 3514 Daphnen,
2533 3451 2679 3514 Myr-

472 3539 591 3574 reus
646 3531 872 3575 mutatus
922 3532 1025 3588 est,
1076 3526 1141 3576 ob
1197 3526 1533 3576 Philomelam
1615 3528 1778 3578 tham.

470 3599 643 3648 uxoris
684 3614 793 3648 suoe
829 3600 1063 3662 Prognes
1086 3614 1311 3649 sororem
1332 3607 1535 3650 constu-
1678 3610 1774 3654 295
1809 3604 2004 3668 Pluma]
2053 3603 2130 3653 Ut
2176 3603 2430 3665 Cycnum,
2461 3600 2549 3665 qui
2581 3615 2678 3652 rex

474 3682 695 3738 pratum·
1613 3687 1730 3731 erat
1755 3680 2019 3743 Ligurum,
2037 3679 2125 3744 qui
2145 3685 2312 3727 morte
2331 3677 2676 3727 Phaethontis
2751 3683 2760 3687 “

536 3756 634 3802 294
668 3752 851 3816 Scylla]
882 3754 951 3803 Se
986 3755 1163 3804 lavans
1204 3754 1255 3804 in
1291 3752 1458 3816 fonte,
1502 3770 1534 3803 a
1613 3755 1908 3817 contabuit,
1933 3762 1990 3804 et
2017 3770 2192 3804 versus
2213 3756 2368 3804 estin
2389 3768 2536 3803 avem
2553 3766 2679 3818 cog-

476 3828 627 3878 Circe
660 3829 901 3892 zelotypa
934 3828 1152 3895 infecto,
1177 3830 1309 3879 vidit
1331 3829 1535 3898 inferio-
1615 3832 1904 3892 nominem;
1945 3837 2002 3880 ut
2023 3830 2180 3880 etiam
2205 3829 2380 3888 Pleas,
2397 3843 2518 3892 quoe
2529 3834 2680 3878 erant

472 3918 559 3954 res
580 3905 811 3966 corporis
838 3911 1011 3968 partes
1046 3906 1099 3954 iu
1140 3907 1303 3956 rictus
1325 3907 1535 3956 caninos
1619 3907 1760 3957 Pieri
1778 3906 1918 3968 filiae,
1939 3912 1994 3955 et
2015 3919 2134 3970 qua».
2157 3904 2224 3954 ob
2246 3905 2603 3968 garrulitatem
2623 3903 2678 3954 in

474 3978 886 4042 transformatus,
924 3996 1080 4044 aeque
1120 3983 1173 4032 iu
1194 3997 1335 4032 mare
1356 3983 1538 4047 proeci-
1619 3983 1762 4046 picas
1783 3996 2046 4032 conversoe
2071 3987 2210 4030 aunt.

472 4055 665 4120 pitane,
706 4070 857 4105 versa
878 4063 961 4106 est
983 4057 1034 4104 in
1058 4060 1317 4120 gurgitem
1352 4073 1539 4120 cogno·
1681 4057 1922 4122 Squamia]
1954 4056 2032 4105 Ut
2051 4056 2324 4108 Glaucum.

475 4133 683 4184 minem.
750 4133 873 4181 Fuit
900 4139 957 4182 et
976 4133 1079 4182 alia
1094 4132 1273 4196 Scylla
1294 4132 1409 4183 Nisi
1432 4132 1539 4182 filia
1623 4177 1630 4185 .
1681 4136 1782 4182 296
1801 4127 2140 4194 Salditfluvio]
2155 4132 2231 4180 Ut
2249 4132 2492 4182 Proteum
2514 4131 2678 4194 illum,

476 4207 530 4256 in
546 4207 784 4258 alaudam
799 4213 1019 4258 mutata.
1408 4225 1415 4232 ·
1615 4208 1786 4272 quiex
1803 4206 2056 4272 virgilio:
2093 4206 2108 4232 ‘
2135 4203 2326 4256 Omnia
2347 4203 2679 4270 transformat
