3184 4967
1042 405 1119 454 ιιι
1174 405 1622 456 noviomum
1671 407 1818 457 mn.
1867 407 1917 454 1.
2453 391 2584 466 491

378 547 481 614 I-Ii
504 547 725 612 nullas
750 547 961 612 meriti
988 547 1217 624 vittas,
1252 567 1650 631 semperque
1677 547 1964 632 profani.
2437 547 2583 622 330

381 649 705 714 Nascitur
734 649 818 713 ad
847 649 1136 733 fructum
1166 650 1420 726 mulier,
1453 651 1838 732 prolemque
1866 650 2148 714 futuram
2176 669 2192 712 z
2619 635 2622 640 ¹

382 751 545 816 Hoc
576 771 785 834 genus
814 753 1149 815 inventum
1177 757 1303 829 est,
1336 755 1405 814 ut
1434 753 1701 816 serviat.
1791 751 2116 815 Herculis
2147 769 2304 816 arcu

380 851 695 917 Concidit
724 852 1135 936 Hippolyte:
1183 851 1410 918 Danai
1436 853 1662 934 fugere
1684 853 2064 936 bipennem,

378 953 833 1031 Penthesilea,
863 959 1089 1021 tuam:
1136 955 1356 1018 claras
1388 953 1812 1036 Carthaginis
1839 973 2032 1018 arces

382 1053 708 1132 Creditur,
745 1061 815 1118 et
842 1060 1102 1138 centum
1132 1059 1344 1140 portis
1373 1057 1728 1139 Babylona
1756 1057 2114 1139 superbam
2456 1052 2590 1124 335

383 1155 766 1220 Foemineus
791 1158 1113 1220 struxisse
1137 1158 1353 1223 labor.
1445 1156 1633 1235 Quid
1662 1157 1883 1222 nobile
1913 1156 2118 1238 gessit

384 1257 753 1322 Eunuchus
776 1260 805 1321 ‘t
853 1279 1004 1342 quse
1034 1260 1211 1323 bella
1236 1259 1389 1324 tulit
1412 1262 1441 1323 ‘l
1491 1279 1660 1342 quas
1693 1257 1992 1323 condidit
2018 1257 2218 1322 urbes
2235 1259 2266 1320 ‘i

384 1355 549 1420 Illas
569 1362 891 1441 praeterea
918 1378 1133 1422 rerum
1159 1365 1401 1424 natura
1427 1360 1723 1425 creavit:

385 1457 546 1522 Hos
568 1460 785 1524 fecere
812 1479 1076 1525 manuS.
1164 1461 1303 1528 Seu
1332 1464 1549 1546 prima
1582 1459 1973 1525 Semiramis
2004 1463 2154 1524 astu

385 1556 689 1643 Assyriis
718 1563 991 1625 mentita
1014 1563 1253 1640 virum,
1285 1582 1367 1626 ne
1398 1565 1589 1627 vocis
1621 1567 1838 1626 acutae
2463 1557 2595 1624 340

388 1657 740 1740 Mollities,
772 1663 1037 1726 levesve
1065 1680 1253 1743 genae
1278 1681 1350 1726 se
1378 1663 1654 1746 prodere
1679 1665 1978 1745 possent,

384 1821 545 1884 ignem
565 1839 781 1874 sacrum.
850 1825 926 1874 Hi
948 1826 1169 1876 eunuchi
1188 1827 1340 1876 nullae
1366 1829 1616 1891 promeriti
1641 1834 1760 1877 sunt
1779 1828 1944 1889 vittas,
1965 1831 2013 1876 et
2029 1825 2222 1890 profani
2241 1838 2421 1886 semper
2435 1837 2598 1872 rema·

386 1894 531 1936 nent.
595 1889 811 1937 Foemina
830 1891 1107 1953 producitur
1141 1893 1202 1940 ad
1228 1891 1421 1952 foetum,
1460 1897 1508 1941 et
1545 1893 1716 1942 liberos
1743 1892 2073 1954 suscipiendos.
2139 1889 2265 1938 Hoec
2283 1891 2416 1937 natio
2438 1902 2597 1937 eunu-

388 1951 594 2000 chorum
634 1958 823 2015 reperta
844 1959 933 2015 est,
955 1959 1009 2002 ut
1032 1954 1313 2014 famuletur.
1382 1957 1644 2020 Hippolyte
1663 1955 1790 2005 victa
1812 1962 1882 2004 est
1913 1954 2109 2016 sagittis
2131 1953 2382 2002 Herculis.-
2417 1952 2598 2012 Groeci,

386 2029 418 2062 o
438 2016 755 2077 Penthesilea,
776 2017 1047 2081 effugerim
1066 2021 1263 2068 securim
1299 2025 1458 2070 tuum.-
1500 2023 1632 2068 labor
1667 2021 1882 2068 mulieris
1913 2023 2114 2080 putatur
2149 2018 2408 2066 condidisse
2441 2021 2601 2065 turres

384 2078 584 2128 illustris
616 2082 943 2142 Carthaginis,
966 2087 1014 2130 et
1046 2083 1339 2145 Babylonem
1371 2089 1626 2131 tumentem
1644 2083 1796 2144 portis
1815 2088 2017 2131 centnm.
2085 2082 2215 2136 Quid
2252 2083 2428 2128 clarum
2459 2094 2602 2128 eunu-

386 2143 499 2191 chus
524 2143 681 2202 fecit.
668 2141 693 2179 ’ἶ
746 2146 865 2199 Quae
882 2145 1034 2204 gessit
1050 2147 1248 2208 proelia.
1234 2143 1261 2180 Ἰ
1308 2147 1437 2200 Quas
1458 2147 1701 2194 exstruxit
1721 2143 1887 2196 arces?
1957 2145 2150 2208 Insuper
2169 2148 2341 2192 natura
2370 2143 2601 2205 produxit

385 2206 497 2254 illas
533 2205 799 2256 foeminas:
844 2207 1083 2256 industria
1114 2208 1237 2268 fecit
1275 2209 1358 2257 hos
1398 2211 1672 2259 eunuchos.
1737 2209 1834 2258 Seu
1871 2208 2145 2257 Semiramis
2181 2208 2342 2270 prima
2375 2207 2602 2254 simulans

388 2269 541 2318 dolose
561 2284 618 2318 se
642 2285 757 2320 esse
778 2271 933 2320 virum
956 2272 1095 2335 apud
1117 2273 1361 2338 Assyrios,
1388 2288 1446 2322 ne
1477 2275 1718 2325 mollitudo
1738 2273 1863 2322 vocis
1884 2276 2134 2331 επαναεω,
2156 2277 2204 2320 et
2221 2285 2358 2332 genae
2377 2269 2603 2319 imberbes

1320 2397 1678 2419 “cem“

394 2495 491 2542 330
521 2493 710 2542 meritis
726 2492 925 2543 Mazar.
928 2497 1089 2544 -331
1124 2494 1355 2554 adfatum
1374 2495 1545 2543 mulier
1566 2494 1818 2544 Heinsius
1842 2495 2062 2558 primum
2098 2496 2314 2558 legerat,
2349 2496 2441 2544 sed
2479 2509 2601 2544 mox

390 2557 706 2619 improbavit
726 2559 951 2620 ascripto
974 2559 1143 2608 locol.
1165 2573 1230 2608 ιι.
1256 2559 1311 2606 in
1333 2559 1557 2621 Eutrop.
1584 2573 1656 2608 vs.
1680 2563 1762 2607 51.
1766 2563 1930 2608 -332
1975 2574 2090 2608 «ιι-88
2112 2561 2195 2607 vel
2232 2574 2394 2608 arcum
2416 2557 2602 2608 Ambr.

390 2635 479 2669 888
484 2625 659 2670 .-333
713 2622 904 2670 Occidit
938 2623 1089 2671 Farn.
1143 2623 1371 2671 Condidit
1414 2621 1575 2671 Oisel.
1633 2623 1852 2670 Concidit
1890 2623 1974 2672 vel
2011 2613 2241 2672 Condidit
2285 2623 2466 2674 Ambr.
2501 2637 2604 2671 888.

384 2699 559 2748 pavere
601 2684 784 2735 Ambr.
828 2691 952 2734 tert.
999 2687 1239 2748 bipennim
1280 2686 1507 2735 Floreut.
1510 2689 1674 2734 —334
1723 2687 1900 2734 claram
1939 2687 2252 2748 Carthaginis
2291 2702 2444 2736 arcem
2482 2687 2604 2736 Vat.

430 2750 725 2798 niun—337
757 2749 968 2798 condidit
990 2751 1127 2798 nrbes
1149 2752 1269 2800 Vnt.
1295 2764 1374 2813 pr.
1399 2756 1455 2798 et
1472 2755 1596 2799 tert.
1629 2751 1836 2798 condidit
1861 2751 1940 2798 vel
1956 2751 2165 2798 contudit
2183 2751 2327 2800 Med.
2350 2750 2607 2813 8883418888

431 2825 496 2860 80
519 2813 669 2861 Vatt.
688 2813 801 2862 Pal.
822 2815 971 2862 Fam.
998 2813 1140 2862 Prie.
1180 2815 1329 2863 Rott.
1363 2816 1494 2862 Exc.
1530 2813 1681 2863 Laeti.
1735 2814 1871 2862 urbes
1909 2815 2140 2863 Florent.
2181 2815 2282 2863 duo
2315 2814 2462 2864 Med.
2500 2815 2608 2863 inc.

392 2875 576 2926 Heius.
603 2877 802 2926 Mazar.
826 2879 949 2926 Vnt.
974 2877 1146 2926 Livin.
1171 2877 1320 2926 Leid.
1362 2892 1442 2941 pr.
1482 2879 1608 2928 Jun.
1647 2892 1728 2940 pr.
1765 2885 1872 2926 vet.
1907 2878 1992 2940 Gy
1997 2892 2036 2928 r.
2077 2879 2210 2928 Exc.
2248 2879 2467 2928 Lucens.
2499 2892 2606 2928 888.

390 2951 523 2990 ιιι-888
545 2942 626 2989 vel
648 2941 785 2990 urbes
806 2941 931 2990 Put.
958 2941 1094 3004 Reg.
1118 2941 1267 2991 Leid.
1286 2956 1366 3004 pr.
1386 2957 1456 3004 ιιι.
1481 2955 1567 2989 888
1573 2945 1754 2990 .-339
1789 2943 1932 2990 Has
1919 2957 2020 2990 inc.
2047 2941 2230 2992 Heins.
2274 2943 2420 2990 Hunc
2437 2941 2604 2991 Oisel.

391 3004 502 3052 Hoc
520 3004 645 3053 Vnt.
672 3019 751 3068 pr.
774 3003 981 3055 Tholas.
1004 3004 1223 3069 Gyrald.
1226 3009 1390 3054 -340
1420 3020 1511 3054 neu
1532 3005 1658 3054 vocis
1679 3005 2130 3068 Exc.Laeti,A1‹1.
2170 3005 2254 3056 ed.
2289 3007 2465 3055 Vicet.
2523 3021 2609 3054 nec

394 3067 557 3116 Oisel.
576 3068 700 3117 Vat.
726 3068 893 3116 Livin.
948 3069 1066 3116 lucis
1098 3071 1223 3120 Jun.
1262 3084 1341 3132 pr.
1344 3073 1505 3118 -341
1540 3069 1720 3118 lenesve
1745 3070 1869 3118 Vat.
1907 3073 2074 3133 quint.
2097 3071 2214 3118 Pal.
2240 3070 2364 3119 Put.
2413 3071 2607 3120 levesve

396 3131 499 3180 duo
524 3132 671 3180 Med.
696 3132 843 3180 Leid.
864 3147 945 3195 pr.
968 3133 1094 3182 Lov.
1115 3133 1239 3183 Jun.
1262 3148 1346 3195 pr.
1367 3133 1467 3181 duo
1493 3132 1666 3182 Oxon.
1693 3133 1845 3182 ambo
1866 3135 2064 3183 Moret.
2088 3134 2270 3184 Ambr.
2291 3149 2374 3199 pr.
2397 3135 2601 3184 Boncn.

1394 3292 1608 3342 NOTAE

394 3413 593 3452 sacrum
616 3402 1011 3464 custodiebant3
1046 3403 1089 3454 si
1110 3418 1220 3491 qua
1250 3404 1461 3468 neglex-
1539 3419 1654 3470 qua
1675 3403 1890 3455 fortiter
1909 3405 2157 3455 militavit
2195 3405 2246 3454 in
2271 3405 2408 3455 bello
2427 3407 2606 3470 Troja-

394 3477 539 3539 isset,
558 3475 736 3540 flagris
753 3477 1089 3539 caedebatm3
1116 3479 1353 3544 ignisque
1367 3493 1461 3528 ex·
1540 3495 1627 3530 no.
1657 3480 1880 3543 Vin-gild
1902 3481 2122 3530 Mediis·
2110 3496 2164 3530 ιιι
2193 3481 2420 3531 millibus
2453 3483 2608 3533 ardet

396 3551 611 3615 tinctus,
628 3566 731 3616 ope
750 3553 971 3618 speculi,
1004 3554 1126 3618 igne
1160 3556 1293 3606 Solis
1320 3557 1461 3605 exei-
1540 3558 1878 3607 Penthesilea
1899 3556 2117 3620 furens,'
2137 3561 2235 3609 διο.

398 3626 628 3676 tabatur.
1609 3637 1707 3683 336
1743 3633 2010 3682 Foemineus
2029 3633 2182 3695 labor]
2223 3633 2466 3696 Didonis,
2488 3649 2607 3699 quas

461 3705 559 3750 330
623 3702 854 3767 Profani]
948 3705 1131 3755 Nullas
1194 3683 1463 3758 merentur
1547 3709 1949 3772 Carthaginem
1981 3709 2351 3773 Semiramidis,
2369 3725 2483 3775 quae
2506 3711 2609 3761 Ba-

396 3776 556 3827 vittas
601 3779 949 3841 sacerdotum,
996 3782 1153 3830 nullis
1202 3784 1462 3847 mysteriis
1544 3781 1782 3848 bylonem
1820 3784 1956 3833 inter
1979 3784 2154 3832 mundi
2193 3784 2442 3834 miracula
2475 3785 2606 3834 rela-

403 3851 832 3920 sdmittuntur,t
799 3859 1023 3906 8888818
1048 3859 1279 3924 vasisque
1320 3862 1461 3924 puris
1546 3866 1651 3909 tam
1673 3859 1925 3909 condidit.
1977 3859 2111 3910 Nam
2135 3874 2201 3907 ex
2228 3860 2439 3920 ovidio,
2468 3861 2485 3888 ‘
2513 3861 2608 3909 Di-

395 3937 654 3984 areentur.
722 3933 865 3981 Gaui
899 3939 1069 3982 tamen
1094 3935 1279 3985 evirati
1314 3946 1465 3987 eraut
1544 3935 1684 3985 citur
1722 3934 1844 3983 olim
1881 3934 2166 3983 coctilibus
2197 3935 2352 3983 muris
2388 3934 2608 3985 cinxisse

398 4007 697 4058 sacerdotes
720 4008 962 4072 Cybeles.
1541 4010 1838 4060 Semiramis
1861 4009 2076 4059 urbem!

464 4088 561 4134 333
596 4083 881 4148 Hippolyte]
926 4085 1126 4148 Regina
1146 4084 1462 4136 Amazonum
1607 4090 1706 4135 339
1753 4085 1954 4148 Manus]
2025 4084 2277 4134 Homines
2317 4099 2476 4134 manu
2513 4101 2607 4137 sus

401 4159 543 4209 victa
564 4158 630 4208 ab
652 4159 901 4210 Hercule.
1472 4187 1477 4195 ·
1543 4167 1604 4211 et
1625 4161 1796 4212 cultro
1819 4160 2062 4212 fecerunt
2091 4159 2369 4212 eunuchos.
2435 4161 2610 4212 Chris-

466 4242 565 4291 ³34
619 4238 943 4302 Penthesilea]
1008 4237 1191 4295 Altera
1210 4238 1464 4304 Amazon,
1543 4239 1629 4286 tus
1649 4235 1788 4302 apud
1821 4235 1877 4286 S.
1899 4235 2092 4285 Matth.
2127 4249 2174 4284 8.
2199 4239 2284 4287 19.
2310 4237 2327 4264 ⁶
2351 4237 2485 4286 Sunt
2522 4251 2614 4288 eu·
