3184 4967
598 394 728 459 154

598 552 807 617 Haud
836 552 1029 617 aliter
1058 550 1344 615 Xerxen
1374 554 1517 613 toto
1550 546 1746 612 simul
1777 547 1940 611 orbe
1969 549 2238 609 secutus

600 655 934 719 Narratur
952 655 1265 737 rapuisse
1301 671 1504 733 vagos
1526 650 1865 713 exereitus
1895 666 2154 723 amneS‚

598 756 690 819 Et
720 757 878 821 telis
907 758 1257 821 umbrasse
1278 754 1483 830 diem,
1530 772 1686 841 cum
1711 750 2048 813 classibus
2071 749 2200 811 iret

600 856 730 921 Per
753 857 1099 940 scopuloS‚
1126 861 1501 937 tectumque
1524 852 1734 936 pedes
1759 854 2196 915 contemneret
2217 866 2472 931 aequor.

1348 408 1463 457 cr„
1512 405 1942 454 amenum
1994 404 2066 454 v,

2671 540 2800 607 120

490 977 503 991 ·
596 957 743 1021 Vix
776 956 994 1042 Alpes
1026 964 1473 1039 transgressus
1504 960 1676 1032 erat,
1708 973 1838 1017 nec
1861 952 2006 1036 jam
2033 951 2324 1033 amplius
2358 953 2542 1012 errat

598 1060 963 1138 Bar-barm,
1008 1060 1495 1140 adventumque
1526 1053 1846 1132 tremens,
1891 1073 1966 1117 se
1993 1052 2176 1145 cogit
2203 1053 2274 1115 in
2295 1070 2492 1117 unam
2655 1050 2798 1115 ,125

598 1158 980 1237 Planitiem‚
1014 1164 1301 1241 tutoque
1329 1157 1898 1240 includit-pascua
1921 1173 2107 1238 gyro.

599 1261 770 1325 Tum
796 1261 1135 1344 duplicem
1162 1259 1439 1336 fossam,
1487 1277 1628 1321 non
1657 1254 2132 1339 exsuperabile
2155 1256 2409 1319 vallum

600 1450 712 1501 liter
748 1452 981 1499 exercitus
1019 1450 1270 1500 comitam
1302 1451 1502 1501 Xerxen
1534 1466 1629 1499 una
1663 1464 1730 1499 ex
1751 1448 1874 1498 omni
1913 1446 2120 1510 Imperio
2151 1447 2330 1497 dicitur
2349 1446 2804 1510 exhausissefluvios

599 1519 828 1576 errantes,
866 1520 914 1563 et
950 1514 1213 1564 obscurasse
1246 1514 1402 1563 Solem
1419 1515 1614 1577 jaculis,
1647 1530 1753 1563 cum
1771 1515 1950 1561 volaret
1966 1525 2054 1573 per
2071 1525 2190 1561 sm
2211 1525 2324 1561 cum
2347 1510 2558 1573 navibus,
2579 1516 2628 1559 et
2660 1512 2804 1575 paleo

600 1577 847 1627 incedens
886 1584 1123 1642 sperneret
1160 1593 1290 1627 mare
1326 1584 1541 1642 opertum
1578 1579 1800 1629 ratibus.
1874 1575 1971 1625 Vix
1991 1575 2204 1625 Stilicho
2219 1580 2522 1638 superaverat
2543 1576 2690 1637 Alpes
2705 1591 2725 1632 ,·
2755 1580 2814 1624 et.

584 1642 692 1701 jam
727 1643 963 1693 exereitus
994 1643 1319 1692 Barbaros-um
1351 1658 1445 1691 non
1480 1648 1686 1702 vagatur
1713 1641 1932 1703 amplius,
1961 1644 2008 1687 et
2039 1639 2212 1689 timens
2236 1653 2466 1689 aceessum
2501 1639 2802 1690 Stilichonis

598 1712 857 1768 congregat
890 1721 941 1755 se
972 1708 1025 1755 in
1042 1706 1309 1769 planitiem,
1340 1712 1387 1755 et
1407 1708 1587 1755 claudit
1619 1721 1792 1770 pascua
1811 1704 1986 1755 circulo
2005 1718 2186 1753 semo.
2251 1702 2438 1753 Deinde
2459 1705 2688 1753 conuenit
2698 1702 2809 1762 fos.

598 1786 697 1819 sam
713 1771 969 1835 geminam,
988 1772 1161 1820 vallum
1180 1770 1564 1833 inexpugnabile,
1579 1772 1705 1833 palis
1725 1768 1908 1835 infixis,
1927 1774 1977 1819 et
1997 1768 2139 1817 bobus
2168 1766 2450 1829 intersectis,
2471 1768 2656 1831 opponit
2675 1768 2806 1817 vehi-

1524 1878 1579 1899 OO
1586 1878 1883 1898 “coetae-re

600 1966 861 2012 extremum
893 1977 988 2026 pro
1032 1963 1259 2012 eximium
1282 1961 1467 2012 Ambr.
1487 1969 1596 2012 tres
1621 1962 1972 2011 Petam—120
2021 1963 2221 2011 Xerxen
2243 1966 2349 2011 tres
2372 1961 2520 2011 Med.
2552 1962 2683 2025 Reg.
2706 1962 2807 2012 Bo-

598 2041 717 2075 non.
740 2028 933 2076 Matar.
957 2027 1059 2076 duo
1081 2026 1258 2076 Ambr.
1279 2034 1384 2076 tres
1404 2028 1592 2077 Petnv.
1633 2027 1846 2075 Xerxem
1865 2026 1985 2075 vat.
2008 2039 2114 2075 sec.
2135 2026 2296 2075 Oisel.
2317 2027 2504 2075 Xersen
2521 2026 2666 2075 Leid.
2685 2027 2806 2076 duo.

599 2096 733 2139 tanto
760 2092 905 2141 Med.
929 2106 1034 2141 sec.
1059 2106 1125 2139 ιη.
1152 2096 1388 2154 pre-121
1437 2096 1622 2155 potatu
1641 2104 1737 2153 pro
1769 2090 1982 2153 rapuisse
2002 2092 2131 2139 Exc.
2156 2090 2306 2139 Laeti.
2325 2090 2461 2148 seros
2480 2105 2639 2139 amnes
2659 2090 2803 2141 Prie.

596 2170 759 2204 amnes
798 2155 879 2203 vel
935 2170 1051 2204 axes
1086 2154 1411 2205 obet—122
1465 2156 1674 2204 vibrasse
1710 2155 1892 2203 Petav.
1927 2160 2004 2216 pri
2058 2154 2293 2203 umbrasse
2315 2156 2396 2203 vel
2445 2154 2652 2204 othrum
2674 2156 2807 2219 Reg.

600 2220 773 2269 Oxou.
810 2234 891 2283 pr.
925 2221 1055 2269 Exc.
1081 2220 1231 2279 Laeti,
1252 2225 1308 2268 et
1331 2219 1412 2267 ed.
1435 2220 1612 2267 Parm.
1647 2218 1881 2267 umbrasse
1905 2218 2128 2267 sedecim
2159 2218 2262 2279 alii,
2303 2218 2555 2280 Excerpt.
2581 2220 2805 2268 Lucens.

600 2298 707 2333 sec.
732 2290 787 2332 et
806 2283 891 2332 ed.
906 2284 1241 2332 νίκῃ-123
1274 2288 1427 2332 tectus
1444 2282 1545 2331 duo
1560 2283 1679 2332 Vnt.
1712 2286 1982 2330 contexeret
2005 2282 2179 2331 Oxou.
2197 2296 2302 2331 sec.
2327 2282 2446 2331 Put.
2479 2298 2582 2331 cum
2599 2288 2807 2334 emeret

598 2348 793 2395 Thoan.
832 2349 1032 2396 Mazar.
1068 2347 1226 2396 Oisel.
1262 2348 1391 2397 Exc.
1432 2347 1551 2397 Pat.
1591 2362 1698 2395 rec.
1719 2354 1774 2395 et
1799 2347 1926 2395 Cod.
1952 2346 2297 2422 {theme—124
2329 2346 2476 2409 Alpes
2495 2348 2630 2396 Exc.
2651 2348 2806 2397 Laeti.

598 2412 1443 2526 {awtss‘iassx'c‘f‘v'sz'ffazzzff
1456 2426 1567 2523 «ἷῖΐέ
1574 2412 2607 2524 {2:ss:¹³32zt13212333313'33‘33‘0mffl25
2609 2412 2809 2527 ’Ᾰὴῗιὲῑ

602 2554 707 2588 sec.
732 2540 921 2588 Petav.
943 2554 1022 2603 pr.
1047 2540 1240 2589 Moret.
1260 2554 1365 2589 sec.
1392 2541 1521 2588 Exc.
1545 2540 1761 2587 Gevart.
1785 2548 1838 2585 et
1861 2538 2083 2587 Lucens.
2104 2552 2209 2587 sec.
2243 2543 2446 2587 tremens
2467 2539 2806 2600 Reg.Thuan.

602 2605 723 2653 Vat.
768 2603 890 2663 duo,
914 2603 1079 2653 Oisel.
1121 2603 1224 2653 duo
1257 2604 1431 2653 Oxou.
1469 2603 1618 2651 Leid.
1663 2617 1741 2665 pr.
1784 2604 1915 2653 Exc.
1939 2603 2256 2651 Voss.—l26
2289 2607 2478 2665 tutoque
2501 2603 2628 2651 Exc.
2655 2603 2805 2653 Laeti.

600 2672 821 2730 tantoque
860 2668 1023 2717 Oisel.
1058 2673 1245 2731 totoque
1262 2675 1371 2717 tres
1390 2669 1515 2717 Vat.
1538 2668 1656 2717 Pal.
1680 2667 1889 2715 Tholos.
1928 2665 2073 2715 Med.
2111 2681 2191 2729 pr.
2227 2680 2359 2717 unus
2403 2667 2580 2717 Heius.
2615 2672 2808 2730 tutoque

600 2732 683 2780 vel
717 2736 929 2795 tortoque
965 2732 1140 2781 Onon.
1180 2747 1259 2794 pr.
1305 2732 1515 2781 excludit
1554 2730 1702 2780 Med.
1742 2746 1818 2793 pr.
1853 2745 1982 2779 unus
2020 2730 2202 2779 Heius.
2225 2745 2354 2779 unus
2377 2732 2560 2779 Barth.
2579 2731 2726 2780 Leid.
2749 2740 2808 2782 et

603 2796 733 2843 Exc.
768 2796 987 2845 Gevart.
1032 2796 1083 2843 in
1122 2797 1309 2844 Petav.
1346 2811 1426 2857 pr.
1472 2808 1565 2857 pro
1607 2797 1777 2855 glossa
1811 2794 2094 2855 ascriptum
2115 2799 2246 2841 erat.
2269 2794 2345 2842 sic
2367 2792 2519 2855 infra,
2553 2796 2568 2821 ‘
2595 2795 2806 2844 Finibus

600 2859 801 2923 exiguis
843 2860 991 2908 vallis
1026 2860 1269 2908 conclusa
1292 2858 1701 2907 tenebrae—12⁷
1738 2859 1870 2905 Tunc
1907 2856 2051 2905 Med.
2085 2862 2257 2920 quart.
2297 2858 2492 2906 Mazar.
2514 2856 2700 2909 Ambr.
2723 2874 2804 2924 pr.

1593 2951 1814 3001 NOTAE

668 3038 763 3082 120
815 3035 1035 3097 Xerxen]
1115 3036 1313 3097 Regem
1372 3033 1667 3097 potentissi-
1809 3031 2014 3094 AEquor]
2061 2994 2482 3097 hellespontum,
2505 3049 2658 3099 quem
2675 3036 2807 3085 Xer·

601 3122 741 3156 mum
763 3109 1039 3159 Persarum
1073 3110 1127 3157 in
1151 3108 1310 3175 Asia„
1328 3124 1541 3157 numero
1572 3108 1665 3157 mi·
1745 3122 1837 3156 xes
1862 3115 2019 3170 ponte
2043 3110 2246 3157 navium
2255 3108 2451 3171 junxit,
2475 3116 2632 3174 atque
2653 3112 2808 3175 traje-

600 3183 752 3233 litum
790 3198 955 3249 prope
994 3184 1197 3233 infinito
1246 3182 1429 3234 fluvios
1472 3184 1664 3233 exhau-
1745 3183 1853 3244 cit3
1887 3190 1940 3231 et
1963 3199 2059 3247 per
2092 3198 2244 3248 quern
2269 3192 2452 3247 postea
2475 3186 2644 3235 'victus
2668 3202 2811 3251 eym-

601 3258 842 3309 rientem.

672 3338 787 3387 Toto
844 3337 978 3401 orbe]
1053 3337 1363 3387 vastissimo
1418 3336 1663 3399 Imperio,

605 3413 742 3477 quod
798 3414 1003 3463 Xerxes
1048 3413 1300 3476 regebat:
1358 3413 1433 3463 sic
1475 3411 1665 3461 dicitur

602 3490 739 3539 orbis
763 3490 1015 3552 Gallicus,
1039 3505 1133 3554 pro
1156 3491 1359 3540 Gallico
1383 3490 1630 3553 Imperio.

669 3568 760 3615 121
797 3564 1051 3629 Rnpuisse]
1119 3565 1430 3615 Exhausisse
1450 3571 1664 3628 propter

600 3641 897 3691 immensam
954 3640 1156 3705 copiam
1209 3641 1469 3690 hominum
1511 3655 1664 3705 equo-

604 3731 841 3781 rumque.

670 3795 766 3841 122
804 3790 929 3839 Telis
960 3790 1213 3853 umbrasse]
1282 3788 1511 3839 Aiebant
1532 3790 1664 3837 Per-

602 3881 683 3915 sas
702 3866 919 3916 telorum
944 3865 1273 3913 multitudine
1290 3864 1451 3913 solem
1480 3864 1662 3913 obscu-

603 3956 741 4004 rare,
776 3941 913 3991 unde
924 3942 1076 4005 jocus
1096 3940 1339 4002 Spartani
1364 3939 1629 4001 cujusdam
1649 3956 1661 3988 ε

602 4022 617 4047 ⁸
642 4018 832 4067 Melius
857 4018 909 4063 in
934 4016 1113 4065 umbra
1137 4013 1510 4077 pugnabimus.'

674 4096 769 4143 123
810 4092 909 4139 Per
943 4090 1172 4153 scopulos]
1240 4090 1442 4137 Xerxes
1476 4089 1665 4138 dicitnr

532 4230 538 4235 '
614 4178 846 4229 aequasse
867 4174 1095 4215 montem
1118 4165 1313 4229 Athon,
1334 4173 1389 4215 et
1404 4166 1532 4215 velis
1554 4180 1669 4229 per—

607 4242 747 4292 vium
770 4238 974 4293 fecisse.

1745 3259 1809 3307 ba
1826 3258 2026 3322 effugit.

1809 3339 1902 3383 125
1955 3335 2226 3397 Barbarus]
2293 3337 2566 3387 Exercitus
2640 3334 2806 3403 p'rope

1744 3409 2246 3471 Constantinopolim
2279 3426 2309 3459 a
2348 3412 2535 3461 Rufino
2559 3422 2805 3465 evocatus

1743 3486 1990 3535 formidat
2035 3488 2398 3539 advenientem
2439 3492 2807 3555 Stilichonem3

1744 3562 1842 3610 etsi
1862 3562 1945 3610 vix
1970 3562 2128 3626 Alpes
2153 3574 2466 3627 superasset.
2531 3566 2683 3617 Adeo
2705 3567 2810 3617 for·

1743 3638 1985 3687 midabile
2005 3648 2116 3689 erat
2141 3630 2324 3688 nomen
2341 3641 2659 3693 Stilichonis.

1809 3718 1904 3761 126
1939 3713 2146 3776 Pascua]
2216 3714 2298 3763 Ad
2319 3716 2508 3778 pabula
2531 3717 2678 3781 equis
2691 3717 2809 3769 sub·

1741 3790 2105 3839 ministranda.

1809 3870 1904 3915 12⁷
1947 3867 2128 3915 Vallum
2149 3867 2359 3931 asperat]
2414 3869 2622 3919 Vallum
2638 3872 2808 3921 munit

1746 3942 1876 4006 palis
1916 3942 2082 3993 acutis
2121 3950 2278 4007 atque
2317 3946 2514 4007 asperis
2537 3961 2631 4010 per
2652 3948 2809 3997 elter-

1745 4034 1837 4068 nos
1881 4034 1972 4068 seu
2013 4020 2244 4083 geminos
2281 4021 2508 4082 ordines,
2543 4022 2807 4073 hincinde

1748 4096 2041 4158 dispositis;
2093 4105 2146 4144 et
2190 4096 2242 4143 in
2285 4097 2453 4144 modun
2497 4098 2592 4145 sub
2633 4098 2806 4161 specie

1747 4170 1896 4229 muri,
1933 4171 2164 4232 plaustra
2187 4172 2459 4219 constituit
2484 4180 2622 4221 tecta
2656 4174 2804 4235 pelli-

1747 4246 1842 4297 bus
1865 4245 2036 4295 boum.
2084 4244 2148 4295 Id
2167 4246 2324 4295 etiam
2347 4261 2381 4296 a
2401 4247 2586 4299 Carolo
2607 4248 2804 4315 Magno
