3184 4967
537 373 584 438 4
1448 378 1841 440 Erns'rons.

559 581 568 594 ,
623 525 714 592 Et
740 530 912 590 certe
941 521 1140 608 poeta
1179 542 1375 586 nemo
1423 528 1549 600 est,
1596 523 1714 608 qui
1764 520 1857 586 ad
1902 522 2295 606 Principum
2324 539 2747 604 congressum

412 621 416 625 ’
535 627 1074 711 colloquiumque
1146 625 1411 708 dignius
1481 624 1819 708 pervenire
1893 643 2099 708 posse
2132 623 2475 710 ‘videatun
2566 623 2745 702 Quis

539 730 715 792 enim
757 729 828 790 in
879 724 1328 790 describendis
1387 725 1547 789 belli
1600 727 1926 810 pacisque
1980 726 2229 792 artibus
2275 725 2689 808 praestantior
2715 725 2745 788 2

537 829 713 908 Quis
743 830 812 892 in
841 827 1230 903 extollendis
1261 825 1602 890 Hero'ibus
1624 829 2021 892 sublimior?
2071 826 2247 906 Quis
2278 828 2345 890 in
2376 826 2746 910 deprimen-

412 943 445 949 “’
533 931 640 996 dis
689 933 921 1014 pravis
975 929 1353 1010 Regnorum
1405 919 1811 996 administris
1864 930 2191 1014 satyricus
2254 929 2691 994 vehementior
2712 930 2743 992 ‘l

534 1033 709 1112 Quis
731 1034 799 1096 in
826 1029 1302 1112 investigandis
1333 1036 1586 1096 naturae
1620 1032 1975 1114 mysteriiS,
2022 1032 2272 1114 quibus
2300 1031 2625 1094 ducuntur
2675 1035 2743 1094 et

535 1136 672 1218 ipsi
701 1134 1168 1216 Imperatores,
1200 1131 1649 1213 Philosophus
1690 1133 2039 1196 solertior?
2086 1129 2261 1210 Quis
2303 1133 2373 1195 in
2396 1130 2746 1196 fundendis
2811 1212 2816 1216 ι

535 1237 742 1320 elegis
767 1235 1070 1308 mollior?
1120 1233 1292 1311 Quis
1319 1233 1625 1297 ludendis
1654 1233 2151 1318 epigrammatis
2183 1234 2491 1297 acutior?
2564 1231 2746 1310 Quid

537 1338 732 1420 plura
753 1338 782 1398 ’ἱ
854 1335 1174 1412 FabuIaS,
1226 1333 1376 1416 ejus
1421 1333 1715 1396 carmina
1772 1335 1963 1398 novis
2002 1323 2353 1415 'illecebris
2403 1332 2745 1410 adornant,

532 1438 842 1504 historias
867 1455 1046 1501 nova
1075 1433 1553 1517 pulchritudine
1606 1434 2018 1512 adumbrant,
2049 1439 2259 1498 totam
2288 1434 2746 1516 antiquitatem

532 1539 890 1624 pulchriori
938 1538 1114 1600 facie
1166 1537 1512 1601 illustrant.
1603 1535 1775 1620 Styli
1816 1537 2035 1620 ipsius
2064 1535 2391 1624 majestas
2420 1536 2745 1619 praeclare

537 1639 844 1722 cogitatis
875 1638 1186 1718 assurgit,
1231 1637 1421 1700 floret
1473 1637 1838 1715 sententiiS,
1867 1636 2241 1701 admirabili
2291 1657 2504 1703 rerum
2530 1637 2747 1702 varie·
2792 1675 2803 1686 ·

537 1747 672 1820 tate
699 1740 1140 1820 distinguitur.

623 1841 760 1904 His
785 1840 988 1904 fretus
1005 1840 1378 1906 ‚virtutibus
1409 1840 1498 1904 ad
1526 1841 1767 1936 solium
1790 1844 1978 1904 tuum
2006 1839 2289 1916 accedit,
2310 1839 2745 1906 SEREmssr-

537 1959 644 2006 ME
691 1942 1043 2006 Damam
1065 1959 1128 2020 u,
1177 1946 1246 2005 et
1302 1946 1379 2006 ut
1430 1942 1712 2026 adeptus
1751 1943 1897 2026 jam
1971 1941 2226 2026 aliquid
2290 1943 2744 2026 concupitum,

528 2043 769 2122 laetitia
795 2043 1077 2121 effertur,
1123 2043 1306 2126 quod
1359 2048 1620 2126 tempus
1672 2042 1971 2106 faustum
2022 2043 2396 2120 illucescat,
2429 2062 2561 2127 quo
2612 2062 2746 2106 non

499 2141 798 2209 solum'
780 2167 848 2208 m
878 2145 1210 2228 quasdam
1239 2145 1418 2209 velut
1461 2151 1688 2226 partes
1736 2143 1977 2226 Regiae
2006 2150 2144 2206 tuae
2177 2143 2603 2206 institutionis
2632 2164 2745 2208 ve-

531 2246 700 2322 nire,
733 2245 854 2308 sed
905 2251 970 2310 et
1011 2245 1294 2310 consilia
1339 2243 1653 2326 quaedam
1704 2243 1792 2308 ad
1843 2243 2345 2326 amplitudinem
2373 2250 2440 2308 et
2466 2243 2746 2326 gloriam

531 2335 742 2424 tuam,
771 2347 1298 2431 populorumque
1323 2345 1480 2410 olim
1503 2345 1629 2410 tibi
1658 2344 2085 2427 regendorum
2114 2345 2499 2409 felicitatem
2527 2347 2747 2430 possit

531 2448 898 2530 impertiri3
967 2450 1250 2530 quoties,
1305 2447 1422 2530 qui
1474 2451 1627 2510 tuus
1680 2453 1785 2510 est
1830 2447 1901 2510 in
1951 2447 2253 2511 homines
2324 2447 2747 2532 doctissimos

534 2569 742 2626 amor,
777 2569 1044 2612 suorum
1087 2547 1484 2612 Poematum
1513 2548 1798 2612 lectione
1827 2548 2287 2615 delectaberis,

630 2649 846 2726 Utere,
878 2651 1002 2714 hoc
1045 2651 1303 2714 interim
1337 2650 1584 2730 spatio,
1619 2648 2005 2714 PnlNoEPs
2040 2649 2351 2728 ΜΑοΝΕ,
2376 2651 2537 2716 flore
2582 2655 2746 2723 aeta-„-

531 2752 627 2816 tis·
667 2757 799 2814 tuae
847 2751 934 2812 ad
976 2750 1394 2830 couigendos
1450 2749 1773 2817 Parnassi
1824 2751 2031 2815 foetus
2068 2753 2509 2830 immortaleS,
2550 2759 2616 2814 et
2654 2751 2745 2823 ad

530 2839 856 2916 fovendas
908 2850 1057 2914 illas
1110 2847 1562 2913 doctrinarum
1637 2869 1721 2914 ac
1775 2850 2037 2914 virtutis
2106 2857 2419 2936 parentes
2478 2850 2743 2940 Musas,

534 2971 783 3034 easque
809 2953 876 3015 in
901 2951 1148 3032 regium
1179 2949 1599 3031 splendorem
1643 2951 2099 3018 restituendas.
2190 2953 2349 3018 Non
2373 2957 2562 3017 erunt
2584 2953 2742 3034 illae,

531 3071 666 3133 =non
695 3057 882 3114 erunt
931 3032 1094 3116 tanti
1122 3052 1286 3115 facti
1315 3071 1611 3135 unquam
1661 3052 2118 3119 immemores:
2184 3061 2254 3120 te
2280 3056 2647 3138 loquentur,
2677 3061 2743 3120 te

531 3153 972 3227 celebrabunt,
1025 3157 1088 3214 te
1141 3159 1516 3234 sequentur,
1546 3173 1967 3238 quocumque
2022 3157 2219 3235 ieris-3
2288 3160 2356 3219 et
2394 3177 2549 3220 cum
2580 3177 2745 3225 mox

534 3252 854 3317 invictum
927 3252 1196 3317 Patrem
1265 3254 1706 3331 comitaberiS,
1753 3275 1889 3337 quo
1958 3255 2149 3320 Mars
2217 3257 2519 3335 vocabit,
2563 3258 2739 3340 ipsae

533 3353 830 3430 aderunt,
869 3360 1151 3435 tuasque
1181 3355 1410 3418 lauros
1451 3361 1713 3432 canent,
1758 3363 1833 3420 ut
1882 3355 2191 3434 Achillis,
2220 3361 2299 3420 ut
2346 3355 2739 3436 Alexandri,

531 3461 612 3518 ut
663 3453 958 3521 Caesaris
1012 3456 1327 3519 cecinere.
1427 3457 1553 3520 His
1612 3459 1784 3522 enim
1836 3458 2200 3534 Herojbus,
2238 3477 2405 3522 cum
2454 3459 2740 3542 ingenio,

533 3555 867 3632 facundia,
919 3556 1286 3638 studiisque
1333 3564 1426 3620 et
1449 3561 1705 3622 artibus
1759 3579 1915 3642 quae
1947 3559 2329 3642 Principem
2362 3558 2615 3638 decent,
2643 3561 2741 3628 sis

523 3657 671 3742 jam
713 3658 950 3738 major,
1003 3662 1204 3750 quam
1245 3659 1345 3722 illi
1397 3667 1582 3722 erant
1633 3661 1703 3722 id
1746 3663 1973 3726 aetatis
2026 3681 2163 3740 qua
2208 3679 2387 3724 nunc
2440 3662 2591 3742 ipse
2634 3681 2737 3739 es,

535 3775 720 3840 spem
749 3777 1054 3838 magnam
1097 3739 1445 3832 habemuS,
1487 3766 1552 3820 te
1580 3758 1701 3820 tali
1752 3765 1971 3822 satum
2026 3757 2335 3836 Parente,
2374 3759 2491 3824 tali
2520 3761 2741 3826 indole

532 3859 912 3942 praeditum,
946 3858 1180 3922 iisdem
1209 3866 1275 3922 et
1326 3859 1592 3924 heroica
1637 3859 2034 3937 fortitudine,
2065 3867 2133 3924 et
2168 3880 2505 3928 armorum
2526 3861 2741 3931 felici-

533 3965 696 4037 tate,
725 3967 840 4024 aut
889 3961 1026 4028 fore
1069 3960 1407 4044 rna-iorem,
1438 3967 1554 4022 aut
1598 3958 1767 4023 nihil
1793 3979 1945 4024 esse
1984 3979 2345 4029 cessurum·
2429 3960 2739 4040 cadomi,

537 4050 701 4128 Kal.
727 4062 1002 4126 Januar.
1033 4081 1200 4132 anno
1225 4059 1426 4128 Dom.
1457 4075 1931 4126 Mncnxxvu,
