3184 4967
897 426 974 473 11«
1031 425 1383 475 aur-mum
1434 423 1581 474 Lm.
1631 425 1680 474 1.
1729 406 2064 474 razu-Ar.
2506 409 2584 476 91

388 567 481 633 Et
510 569 628 652 qui
656 569 925 652 vipereo
955 571 1303 651 spumavit
1334 587 1519 654 saepe
1546 589 1816 634 veneno

472 669 835 752 Cephi305‚
864 670 1149 752 liquidis
1178 673 1408 754 purior
1438 673 1583 736 ibat
1611 673 1832 756 aquis.

388 770 645 847 OmniS,
682 771 761 834 Io
796 772 1035 846 Paean,
1069 775 1252 852 regio
1288 780 1523 838 sonat:
1573 774 1796 836 omnia
1831 773 2170 838 Phoebum

476 871 663 936 Rura
692 879 962 936 canunt.
1005 873 1349 955 Tripodas
1379 875 1638 956 plenior
1665 893 1829 936 aura
1858 881 2051 940 rotat.

386 972 768 1057 Auditoque
799 975 1036 1056 procul
1070 975 1427 1037 Musarum
1455 976 1744 1038 carmine
1775 975 1988 1052 ducti,

476 1075 589 1139 Ad
616 1076 957 1140 Themidis
989 1075 1235 1140 coeunt
1267 1084 1459 1140 antra
1491 1096 1730 1140 severa
1761 1077 1913 1142 Dei.

2503 672 2590 735 10

387 1254 544 1317 longis
562 1255 795 1304 tractibus
825 1253 1100 1317 serpentia,
1135 1261 1451 1317 porrexerunt
1486 1256 1642 1304 ventis
1667 1255 1869 1314 frondes
1900 1260 2048 1304 tuus.
2114 1257 2188 1305 Ac
2229 1259 2478 1322 Cephisus,
2511 1260 2592 1324 qui

386 1333 512 1382 aoepe
532 1320 789 1368 exundavit
814 1333 981 1368 emeno
1004 1320 1253 1380 Draconis,
1260 1319 1446 1382 fluebat
1466 1321 1668 1368 nitidior
1689 1320 1824 1382 aquis
1843 1320 2071 1382 limpidis.
2141 1322 2284 1371 Totus
2313 1328 2498 1374 mans
2517 1341 2594 1374 re·

386 1388 545 1442 mai,
585 1384 631 1432 io
669 1385 846 1431 Paecm:
877 1398 1033 1432 ornnes
1066 1384 1176 1444 agri
1213 1389 1407 1434 cantant
1444 1385 1739 1447 Apollinem:
1771 1390 1934 1432 ventus
1954 1384 2144 1432 liberior
2165 1386 2322 1446 agitat
2347 1387 2592 1451 Tripodas.

388 1449 460 1497 Et
482 1448 574 1498 Dii
602 1447 789 1510 impulsi
808 1447 1024 1497 cantibus
1045 1449 1297 1498 Musarum
1308 1451 1445 1511 longe
1464 1450 1723 1510 exauditis,
1744 1449 2022 1498 conveniunt
2037 1450 2100 1498 aa
2119 1464 2364 1500 cauma·
2379 1467 2594 1516 aspera-s

1310 1579 1665 1599 ‘tunneto-e

390 1705 473 1756 pr.
488 1692 678 1742 Petsv.
698 1697 824 1741 tert.
844 1691 1048 1741 Massr.
1070 1692 1216 1740 Rott.
1234 1691 1375 1740 Prie.
1400 1691 1567 1741 Oisel.
1577 1689 1820 1749 fiuctibus
1840 1690 2028 1738 Petav.
2049 1703 2155 1738 sec.
2175 1689 2348 1739 ictibus
2377 1691 2507 1740 Exc.
2527 1705 2596 1740 ex

388 1757 513 1808 Pet.
530 1771 639 1806 rec.
650 1756 884 1805 tractibus
900 1759 977 1804 vel
985 1755 1243 1815 frondibus
1256 1755 1434 1804 Ambr.
1450 1759 1656 1803 sem—8
1669 1754 1950 1818 explicuisse
1961 1755 2084 1802 Put.
2098 1767 2128 1801 a
2141 1768 2208 1802 m.
2226 1755 2600 1814 ηομ-θήκα-

386 1821 462 1870 vit
485 1823 630 1870 Rott.
649 1821 848 1869 'rhum
867 1820 1029 1870 Oisel.
1057 1821 1243 1868 selned.
1257 1819 1640 1882 Gud.spumvit
1659 1820 1741 1867 vel
1750 1818 1964 1877 fumavit
1981 1818 2102 1866 Put.
2116 1817 2330 1878 fumavit
2346 1820 2428 1868 vel
2507 1819 2598 1870 'ru-

388 1886 462 1934 vit
476 1883 660 1934 Ambr.
676 1900 779 1934 sec.
804 1885 1004 1948 spiravit
1023 1885 1341 1933 Petam—10
1369 1884 1590 1945 Cephisos
1611 1883 1741 1945 Reg.
1762 1881 1942 1931 Ambr.
1963 1890 2084 1930 tert.
2099 1883 2225 1930 Lov.
2241 1884 2441 1932 Bouon.
2507 1883 2594 1931 bo·

391 1951 486 1997 los.
505 1948 652 1999 Leid.
666 1964 769 1997 sec.
782 1949 977 1997 Moret.
992 1963 1095 1996 sec.
1113 1948 1213 1997 duo
1226 1948 1397 1996 Giton.
1416 1955 1523 1995 tres
1536 1948 1657 1995 Vat.
1672 1948 1796 1994 item
1811 1947 1996 1995 Petav.
2014 1954 2120 1995 tres
2135 1952 2190 1995 et
2205 1946 2390 1995 incert.
2406 1947 2594 1998 Heius.

394 2014 623 2076 Cephisus
640 2013 761 2062 Par.
787 2015 1016 2062 Florent.
1033 2013 1153 2062 Put.
1170 2013 1314 2060 Rott.
1336 2012 1497 2060 Oisel.
1516 2011 1630 2058 Pal.
1653 2012 1798 2059 Fam.
1817 2011 1958 2058 Prie.
1979 2011 2172 2060 Moret.
2200 2025 2278 2074 pr.
2297 2010 2474 2060 Ambr.
2487 2025 2592 2061 sec.

390 2079 515 2126 Vnt.
532 2092 637 2126 sec.
662 2077 767 2126 duo
787 2077 929 2126 Med.
954 2076 1071 2125 Ald.
1097 2079 1226 2126 Exc.
1253 2077 1385 2124 Laeti
1417 2085 1469 2124 et
1496 2077 1718 2124 Luceus.
1741 2076 1939 2138 liquidis
1961 2075 2099 2123 Flor.
2124 2075 2269 2123 Med.
2295 2076 2420 2136 duo,
2441 2076 2591 2124 Rott.

394 2142 559 2192 Oisel.
584 2141 701 2190 Pat.
739 2141 918 2191 Ambr.
948 2156 1052 2189 see.
1092 2143 1217 2190 Put.
1248 2139 1433 2203 reliqui
1468 2154 1646 2188 omues
1677 2140 1864 2200 nitidis,
1902 2138 2040 2202 quod
2075 2144 2131 2188 et
2160 2140 2319 2188 babet
2351 2138 2472 2189 Ald.
2509 2140 2594 2194 ed.

390 2205 567 2254 vicet.
610 2214 665 2254 et
705 2208 832 2255 Exc.
859 2206 1076 2255 Gevart.
1098 2205 1293 2268 liquidis
1324 2205 1405 2252 vel
1440 2203 1614 2254 nitidis
1647 2205 1838 2252 Moret.
1867 2217 1946 2266 pr.
1981 2205 2032 2252 in
2050 2203 2264 2252 Schedis
2305 2203 2444 2253 Gud.
2479 2204 2594 2255 hoee

392 2272 590 2332 scripta
612 2278 780 2318 erant.
851 2271 1083 2333 Cephisus
1103 2268 1810 2332 liquidis—Isingr.-uitidis,
1847 2267 1986 2331 quod
2033 2268 2221 2316 lineola
2256 2267 2598 2331 subduxerat,

393 2341 454 2382 ut
471 2341 707 2382 moneret
742 2335 792 2382 in
813 2348 902 2382 suo
922 2334 1102 2383 codice
1126 2334 1198 2381 ita
1222 2332 1527 2381 fuisse—12
1560 2347 1677 2380 rura
1697 2333 1779 2380 vel
1800 2347 1948 2392 regna
1969 2332 2140 2380 Oxou.
2161 2347 2238 2394 pr.
2263 2336 2398 2380 notat
2418 2331 2594 2382 Vicet.

390 2399 546 2449 Vien.
579 2405 634 2448 et
670 2399 966 2447 Colin.——13
998 2398 1130 2446 ducti
1169 2397 1396 2446 Florem.
1436 2397 1563 2444 dulci
1601 2403 1704 2444 tres
1730 2396 1851 2445 Vat.
1893 2395 2006 2444 Pal.
2051 2397 2205 2444 Farn.
2246 2395 2391 2444 Pric.
2431 2395 2599 2447 Oisel.

392 2463 520 2511 dulei
542 2463 626 2511 vel
646 2465 776 2512 ducti
797 2462 918 2510 Vat.
944 2475 1022 2524 pr.
1043 2463 1327 2523 Moret.pr.
1352 2459 1496 2508 Med.
1514 2474 1619 2508 sec.
1643 2461 1786 2509 Rott.
1808 2461 1928 2508 Put.
1947 2460 2134 2508 Petav.
2159 2475 2238 2522 pr.
2255 2460 2382 2508 docti
2405 2458 2594 2524 Isingr.

391 2531 523 2576 -14
554 2542 715 2576 severa
743 2527 842 2576 Dei
861 2525 972 2575 fere
990 2541 1166 2576 omnes
1189 2525 1387 2589 scripti.
1422 2524 1520 2574 Dei
1543 2525 1627 2572 vel
1659 2524 1788 2573 Deos
1804 2526 1927 2573 Vst.
1947 2525 2110 2588 quint.
2135 2525 2234 2574 Dei
2272 2524 2450 2588 Cujae.
2475 2526 2596 2574 Deoe

1384 2659 1601 2710 No'rAE

458 2763 491 2808 8
531 2759 699 2808 Ventis
738 2757 1027 2822 explicuere]
1094 2757 1453 2807 Porrexerunt

390 2833 599 2885 frondes
640 2835 855 2885 liberius
894 2841 1047 2899 atque
1070 2835 1335 2899 patentius
1357 2847 1453 2897 per

394 2926 587 2960 aerem.

463 2987 655 3052 Comus]
704 2987 935 3037 Frondes
959 2994 1241 3049 comantes,
1266 3001 1381 3050 quae
1399 2986 1450 3034 in

396 3062 667 3112 arboribus
691 3062 930 3112 videntur
948 3062 1141 3112 habere
1164 3059 1452 3110 similitudi·

398 3153 516 3188 nem
538 3152 819 3187 comarum.

464 3219 527 3263 10
564 3213 807 3278 Cephisos]
861 3213 1070 3276 Graece,
1088 3213 1245 3276 quiet
1268 3211 1455 3274 Cephi-

399 3305 486 3340 sus
526 3290 718 3340 dicitur
739 3289 925 3340 Latina
948 3289 1334 3351 terminatione,
1370 3295 1453 3338 est

398 3367 583 3417 fluvius
647 3367 886 3427 Boeotias,
950 3365 1196 3416 fatidicas
1256 3364 1455 3414 habens

400 3459 580 3508 aquas,
614 3451 832 3507 propter
870 3443 1155 3493 Oraculum
1176 3441 1454 3491 Themidis.

400 3520 499 3568 Est
521 3526 576 3568 et
616 3519 867 3582 Cephisus
887 3517 1072 3567 fluvius
1096 3517 1359 3581 Phocidis,
1392 3517 1458 3567 de

403 3608 505 3660 quo
527 3595 607 3644 hic
631 3595 859 3660 loquitur
881 3595 1067 3643 Poeta.

466 3671 667 3734 Pur-ior]
750 3671 884 3721 Nam
931 3676 1053 3718 ante
1096 3669 1259 3733 nigrae
1308 3675 1459 3718 erant

403 3761 571 3811 aqum,
592 3747 731 3812 quod
752 3761 841 3796 eas
862 3746 1086 3796 bibendo
1108 3744 1332 3795 foedaret
1352 3746 1459 3810 Py·-

402 3823 543 3873 thou.

471 3903 529 3948 11
568 3898 623 3946 1ο
646 3897 817 3960 Peon]
884 3896 965 3957 Io,
998 3897 1309 3961 interjectio,
1338 3913 1453 3963 quae

402 3968 681 4037 aliquando
704 3973 901 4023 indicat
924 3972 1209 4031 tristitiam,
1232 3974 1459 4039 aliquan·

402 4051 471 4100 do
494 4048 758 4114 gaudium,
790 4055 849 4098 ut
884 4049 938 4098 iu
974 4049 1227 4099 hocloco.
1296 4051 1457 4101 Paean

402 4133 486 4176 cst
522 4126 742 4189 hymnus
782 4125 831 4171 iu
873 4124 1075 4172 laudem
1098 4122 1353 4186 Apollinis
1390 4125 1458 4174 ob

404 4202 669 4252 devictum
721 4203 1049 4263 serpentem:
1102 4213 1461 4266 nonnunquam

406 4278 661 4344 accipitur
682 4290 777 4340 pro
798 4275 911 4340 ipso
931 4274 1191 4342 Apolline.

1601 2760 1664 2804 12
1697 2754 1948 2818 Tripodas]
1988 2755 2240 2805 Sacerdos
2263 2770 2354 2805 seu
2372 2755 2596 2806 Phoebas

1535 2829 1880 2878 vaticinatura
1896 2829 2112 2878 sedebat
2129 2844 2286 2894 super
2298 2830 2596 2896 Tripodem,

1534 2905 1620 2968 qui
1643 2903 1765 2952 inde
1785 2904 1952 2952 dictus
1974 2903 2236 2953 fatidicus.

1599 2981 1793 3029 Plenior
1809 2979 1950 3042 aare]
2017 2980 2256 3030 Liberior
2277 2988 2478 3044 ventus,
2511 2983 2596 3032 cul

1533 3057 1774 3106 obstabat
1791 3071 2020 3120 serpens,
2039 3058 2193 3120 redit,
2207 3059 2470 3124 agitatque
2486 3061 2597 3110 Tri-

1534 3135 1744 3198 podem‚
1785 3142 1840 3184 et
1869 3135 2205 3185 Sacerdotem
2230 3134 2459 3200 desuper
2481 3136 2597 3186 insi-

1536 3213 1764 3261 dentem.
1832 3213 2086 3262 Nimirum
2129 3227 2192 3260 ex
2228 3213 2460 3275 sustine,
2494 3215 2509 3242 ‘
2528 3213 2594 3263 In

1534 3288 1809 3352 Delphica,
1827 3290 1967 3352 rupis
1992 3287 2487 3350 anfractu‚planities
2507 3301 2596 3335 ex-

1537 3365 1660 3427 igua
1681 3369 1778 3422 est,
1801 3370 1955 3428 atque
1989 3363 2039 3411 in
2069 3377 2132 3411 ea
2155 3360 2468 3425 profundum
2494 3367 2597 3410 ter-

1536 3457 1610 3491 rae
1632 3440 1884 3504 foramen,
1921 3439 2060 3506 quod
2096 3439 2152 3488 in
2174 3439 2380 3489 oracula
2416 3445 2594 3501 putet:

1538 3532 1604 3566 ex
1627 3531 1730 3581 quo
1766 3514 1988 3579 frigidus
2022 3516 2231 3577 spiritus
2266 3515 2317 3563 vi
2355 3513 2598 3578 quadum,

1536 3593 1684 3641 velut
1701 3597 1876 3652 vento,
1887 3591 1940 3639 in
1964 3591 2178 3638 sublime
2195 3591 2440 3652 expulsus
2457 3601 2598 3638 men·
2661 3589 2664 3592 ’

1540 3675 1620 3715 tes
1644 3673 1817 3715 vatum
1841 3667 1894 3714 in
1919 3665 2210 3714 vecordiam
2234 3664 2598 3727 vertit‚imple-

1540 3749 1723 3806 tasque
1746 3741 1878 3801 Deo,
1922 3755 2173 3806 responsa
2205 3743 2598 3795 consulentibus

1540 3821 1666 3869 dare
1689 3818 1864 3882 cogit!

1603 3901 1664 3947 13
1721 3896 1994 3960 Musarum]
2059 3896 2190 3948 Qum
2229 3895 2596 3948 conticuerant

1536 3980 1753 4038 propter
1775 3981 1967 4024 metum
1991 3972 2260 4038 Pythonis.

1603 4053 1665 4098 14
1716 4048 1976 4114 Themidis]
2015 4048 2220 4098 Themis
2262 4060 2353 4096 seu
2392 4046 2598 4098 Astraea

1537 4125 1593 4174 in
1617 4123 1746 4174 urbe
1766 4124 1982 4190 Delphis
2002 4130 2125 4175 aute
2147 4122 2440 4192 Apollinem
2459 4126 2597 4176 cole-

1539 4201 1711 4253 batur.
