3184 4967
516 4307 552 4336 U

595 399 643 465 2
1501 412 1890 473 unsa-ou,

594 562 862 647 plicent,
915 560 1434 625 Seanmssmn
1495 558 1927 639 Damnum,
1996 559 2249 643 quippe
2307 558 2425 643 qui
2482 558 2795 626 fiduciam

595 665 860 740 habeat,
903 682 1034 726 non
1064 682 1106 725 a
1133 663 1453 745 superbia
1497 662 1854 740 inductam,
1884 662 2002 725 sed
2046 664 2133 725 ab
2182 662 2335 745 ipsa
2360 664 2795 742 conscientia,
2900 671 2909 675 ’

597 771 663 830 et
692 764 950 830 virtutis
978 785 1145 841 suae,
1186 770 1253 827 et
1303 766 1681 846 praestantis
1731 767 1823 828 tui
1871 766 2136 846 ingenii,
2186 783 2266 827 ac
2316 762 2551 845 Regiae
2600 766 2797 847 plane

598 866 862 942 indoliS,
902 868 1140 950 quibus
1169 867 1334 932 mire
1375 868 1701 929 excitatus
1734 868 2393 949 praeclarissimarum
2420 884 2631 929 rerum
2661 870 2799 929 stu-

600 966 713 1033 dio
759 972 894 1033 tam
945 968 1232 1046 duceris,
1287 988 1487 1051 quam
1537 970 1653 1051 qui
1690 969 2007 1032 maxime.
2098 968 2391 1031 Excelsa
2444 986 2685 1050 nempe
2734 971 2803 1031 et

599 1071 832 1137 illustri
869 1071 1022 1135 loco
1065 1071 1197 1135 sita
1247 1071 1331 1133 de
1373 1076 1438 1133 te
1484 1068 1687 1147 fama,
1726 1090 1881 1152 quae
1932 1088 2055 1133 nec
2106 1071 2392 1133 obscuro
2441 1089 2559 1133 nec
2608 1066 2796 1132 vario

600 1192 917 1249 sermone,
979 1171 1098 1236 sed
1145 1172 1517 1236 clarissima
1560 1175 1627 1233 et
1670 1189 1807 1233 una
1852 1170 2140 1235 omnium
2190 1189 2357 1234 voce
2405 1169 2798 1253 percrebuit,

598 1274 841 1339 nemini
868 1274 1140 1359 dubiam
1165 1274 1475 1355 relinquit
1500 1272 1797 1337 nobilem
1837 1273 2015 1337 illam
2060 1274 2261 1335 animi
2290 1273 2799 1348 contentionem,

601 1396 807 1460 quam
851 1375 938 1439 ad
1005 1375 1487 1458 assequendam
1547 1376 1947 1457 optimarum
2012 1376 2251 1439 artium
2306 1374 2802 1454 intelligentiam

599 1464 698 1541 ita
739 1477 1052 1558 adhibes3
1119 1482 1216 1555 ut,
1245 1477 1421 1558 quod
1471 1478 1540 1539 in
1582 1478 1706 1540 tali
1744 1477 2008 1541 fortuna
2052 1496 2296 1541 novum
2325 1481 2425 1539 est
2452 1482 2655 1558 atque
2684 1473 2803 1539 ad-

600 1579 922 1669 mirabile,
952 1583 1268 1660 quantum
1291 1580 1546 1659 generis
1576 1584 1643 1643 et
1668 1580 2005 1661 dignitatis
2036 1578 2379 1662 splendore
2409 1577 2542 1641 tuis
2573 1594 2803 1659 aequav
2834 1596 2843 1603 ·

595 1680 797 1755 libus,
827 1684 1079 1745 tantum
1108 1679 1442 1765 ingenii'et
1479 1680 1789 1747 doctrinae
1820 1684 2217 1749 ornamentis
2246 1666 2627 1744 antecellas·

690 1780 778 1845 Et
832 1771 1120 1862 quidem,
1164 1780 1426 1843 etiamsi
1471 1782 1712 1845 mentis
1764 1789 1897 1847 tuae
1949 1802 2167 1845 rerum
2206 1784 2497 1846 omnium
2528 1776 2805 1863 capacis

599 1881 891 1945 facilitas
939 1884 1026 1953 et„
1049 1880 1436 1963 magnitudo
1473 1902 1609 1946 non
1657 1902 1737 1946 ea
1784 1888 1983 1959 esset,
2023 1888 2095 1946 ut
2138 1903 2269 1947 non
2318 1866 2455 1945 tarn
2502 1882 2803 1959 feliciter,

603 1982 802 2046 sicuti
822 1982 1012 2059 faciS‚
1033 1982 1392 2065 proficeres
1417 2004 1435 2063 3
1467 1984 1649 2047 c‘uris
1678 1989 1898 2051 tamen
1920 1989 1985 2047 et
2002 1985 2301 2048 consiliis
2330 1984 2804 2067 sapientissimi

601 2085 701 2147 tui
728 2076 1066 2161 Rectoris,
1099 2085 1216 2165 qui
1258 2084 1418 2147 nihil
1447 2069 1649 2149 habet
1678 2084 2037 2167 antiquiu5‚
2082 2104 2279 2167 quam
2310 2089 2383 2147 ut
2414 2084 2502 2147 ad
2528 2085 2805 2150 virtutes

601 2185 932 2276 maximas
975 2189 1040 2248 te
1089 2186 1258 2249 ultro
1309 2186 1540 2250 altiora
1589 2192 1912 2269 petentem
1958 2188 2307 2271 provehat,
2354 2186 2631 2269 provehi
2684 2203 2806 2269 po-

601 2286 894 2353 misses·-
962 2284 1059 2351 At
1087 2306 1244 2352 vero
1274 2286 1502 2351 divina
1522 2285 1996 2364 Providentia,
2020 2306 2175 2370 quae
2204 2294 2269 2352 te
2292 2288 2374 2351 ad
2404 2286 2803 2369 regnandum

601 2386 778 2464 tulit,
808 2388 1026 2471 ipsius
1055 2407 1249 2453 curas
1279 2387 1538 2473 adjuvit
1575 2388 1871 2467 mirifice,
1918 2391 2147 2467 erexit,
2176 2391 2522 2467 recreavit,
2554 2402 2711 2453 cum
2738 2394 2805 2453 te

601 2488 867 2553 eximiis
895 2490 1204 2553 omnibus
1231 2490 1530 2573 corporis
1580 2492 1655 2552 >et
1700 2490 1901 2553 animi
1930 2490 2221 2569 dotibus,
2258 2510 2413 2573 quae
2442 2490 2629 2554 firma
2657 2507 2807 2553 esse

601 2589 866 2671 possint
917 2591 1296 2675 adjumenta
1341 2591 1747 2655 sustinendae
1792 2592 1953 2655 olim
2001 2592 2445 2675 imperatoriae
2474 2608 2804 2675 personae,

599 2696 742 2753 tam
788 2690 1180 2756 instructum
1225 2710 1376 2757 esse
1421 2692 1657 2772 voluit,
1687 2696 1764 2756 ut
1808 2693 1878 2786 in
1919 2696 2055 2757 toto
2106 2693 2267 2755 orbe
2292 2692 2550 2755 habeas
2575 2708 2805 2773 parem

599 2806 948 2853 nemmem.

589 2926 598 2935 -
687 2882 797 2954 Ac
824 2910 895 2954 re
923 2889 1188 2973 quidem
1239 2892 1414 2975 ipsa,
1453 2896 1649 2957 natus
1688 2910 1761 2955 es
1806 2911 1889 2955 ea
1918 2893 2150 2959 formae
2182 2893 2525 2976 dignitate,
2556 2896 2630 2957 ut
2658 2912 2807 2958 cor-

601 3011 731 3075 pus
755 3011 880 3056 nec
909 2993 1077 3075 ipsae
1126 2990 1426 3056 Charites
1475 2994 1816 3077 pulchrius
1846 2995 1934 3059 ad
1980 3000 2391 3061 venustatem
2422 3016 2441 3074 ;
2494 3014 2639 3073 nec,
2682 3012 2819 3078 pro-⁴

599 3102 716 3157 tua
763 3098 985 3170 aetate,
1032 3092 1222 3157 Mars
1270 3095 1420 3177 ipse
1459 3095 1757 3176 vegetius
1805 3096 1892 3159 ad
1934 3097 2335 3174 firmitatem,
2382 3102 2451 3161 et
2476 3097 2563 3159 ad
2592 3098 2807 3161 susci-

595 3192 956 3276 pienda-ac
980 3193 1322 3257 toleranda
1349 3196 1510 3259 belli
1538 3198 1763 3261 munia
1790 3196 2029 3277 fingere
2057 3198 2371 3280 potuerit.
2464 3196 2603 3275 Qui
2632 3198 2805 3265 enim

599 3294 828 3377 vultus
857 3296 1108 3359 decori
1168 3314 1324 3377 quae
1353 3294 1590 3361 frontis
1620 3300 1836 3379 gratia
1876 3299 2072 3361 simul
2100 3304 2167 3362 et
2194 3300 2515 3383 majestas
2533 3302 2563 3364 'l
2608 3318 2807 3381 quam

600 3396 872 3460 vividus
900 3394 1316 3479 Martiusque
1343 3400 1574 3463 color'i
1644 3400 1757 3481 qui
1786 3400 1965 3464 nitor
1994 3400 2313 3483 vigorque
2344 3402 2709 3478 oculorum,
2735 3404 2809 3463 et

601 3515 806 3579 quam
835 3498 1142 3561 animosa
1167 3499 1535 3582 regalisque
1575 3502 1865 3582 specieS‚
1920 3494 2211 3564 omnium
2262 3501 2505 3565 amoris
2532 3520 2667 3564 non
2696 3515 2811 3565 so*-

598 3599 738 3661 lum
769 3596 1205 3676 conciliatrix,
1236 3599 1356 3663 sed
1384 3600 1584 3663 etiam
1614 3601 2059 3664 venerationis
2087 3603 2117 3665 't
2166 3600 2303 3663 His
2332 3601 2595 3665 accedit
2620 3601 2811 3665 firma

601 3698 938 3775 valetudo,
965 3703 1032 3761 et
1078 3701 1249 3761 mira
1279 3708 1548 3774 ‚naturae
1605 3702 1893 3777 agilitas,
1922 3718 2003 3761 ac
2044 3699 2327 3781 denique
2358 3700 2639 3783 pulchro
2666 3721 2811 3767 eor·

602 3818 766 3882 pore
790 3799 983 3879 longe
1011 3799 1344 3881 pulchrior
1391 3817 1470 3861 ac
1511 3797 1895 3877 generosior
1922 3798 2207 3875 animuS,
2247 3820 2565 3883 mensque
2612 3804 2809 3868 rebus

602 3906 804 3983 atque
831 3901 1110 3977 artibus,
1141 3917 1608 3983 quascumque
1638 3899 2071 3981 expetiveris,
2089 3905 2226 3963 tam
2248 3910 2438 3985 apta,
2461 3910 2599 3967 tam
2620 3904 2809 3973 habit·

600 4001 715 4079 liS,
742 4000 830 4085 iis
860 4006 934 4065 ut
954 4006 1148 4064 natus
1176 4019 1326 4063 esse
1356 3998 1672 4063 videaris,

597 4132 602 4137 ·
690 4100 869 4179 Nam
917 4103 996 4167 si·
1023 4102 1110 4167 ad
1165 4102 1586 4173 avocandum
1646 4122 1691 4165 a
1738 4102 1977 4169 studiis
2021 4106 2436 4187 gravioribus
2488 4108 2805 4184 animum,¹

607 4204 872 4271 venatui
925 4202 1392 4292 indulgendum
1439 4210 1562 4285 est,
1603 4206 1753 4290 quis
1778 4254 1783 4259 -
1807 4212 1875 4271 te
1923 4207 2299 4291 expeditior
2342 4210 2411 4273 in
2456 4228 2631 4293 equo
2678 4227 2807 4292 per
