3184 4967
1194 372 1291 422 DE
1340 372 1451 425 ΙΙΙ.
1498 375 1710 425 GONS-
1759 374 2042 427 BONOR-

2565 362 2697 431 215

500 518 867 602 Spectandi
888 517 1107 582 studio
1134 524 1397 597 matres,
1428 520 1786 603 puerisque
1810 523 2024 587 severi

502 620 855 683 Certavere
884 638 1097 697 seneS,
1128 640 1281 684 cum
1310 627 1383 685 tu
1413 624 1723 703 genitoris
1751 625 1966 688 amico

502 722 849 805 Exceptus
878 723 1124 803 gremio
1154 722 1438 785 mediam
1464 724 1774 787 veherere
1804 745 1924 808 per
1953 726 2206 803 urbem,

503 821 900 907 Velaretque
929 824 1082 906 pios
1112 826 1479 887 communis
1506 825 1730 889 laurea
1758 828 2030 891 currus!

2571 826 2700 893 130

506 922 678 1001 Quis
702 943 833 987 non
859 925 1238 989 Luciferum
1264 944 1452 987 roseo
1482 944 1635 989 cum
1665 927 1820 990 Sole
1849 929 2063 994 videri

500 1024 825 1104 Credidit,
858 1032 977 1090 aut
996 1026 1307 1109 junctum
1338 1026 1613 1089 Bromio
1643 1026 1898 1092 radiare
1919 1029 2336 1094 Tonantem‘l

509 1127 733 1192 Floret
764 1129 1051 1192 cristatis
1082 1128 1410 1192 exercitus
1440 1127 1732 1212 undique
1762 1132 2012 1208 turmiS,

505 1227 811 1312 Quisque
844 1249 968 1293 sua
997 1236 1061 1295 te
1088 1249 1259 1293 voce
1292 1248 1554 1295 canens,

1644 1229 2061 1313 Praestringit
2090 1232 2302 1296 ahena

504 1416 844 1461 contemserunt
870 1412 1193 1461 verecundiam
1226 1412 1485 1476 cupiditate
1520 1414 1729 1477 uidendi,
1759 1420 1806 1464 et
1843 1428 1974 1463 cenea
2013 1414 2164 1479 n'gidi
2196 1416 2532 1464 contenderunt
2583 1430 2700 1465 cum

499 1477 679 1539 pueris,
710 1492 814 1525 cum
849 1480 902 1524 tu
938 1482 1149 1540 receptus
1179 1478 1231 1524 in
1266 1478 1375 1526 eina
1403 1492 1511 1526 caro
1530 1479 1686 1541 patrio
1711 1478 1917 1539 ferreris
1931 1493 2018 1543 per
2037 1479 2276 1528 civitatem
2293 1480 2510 1541 mediam,
2529 1495 2584 1528 ac
2601 1481 2700 1529 lau-

503 1554 585 1587 rue
615 1542 868 1589 communie
902 1542 1112 1602 cingeret
1146 1557 1309 1591 currus
1336 1542 1534 1592 sacros!
1599 1543 1775 1605 Ecquis
1806 1558 1898 1593 non
1917 1543 2207 1593 existimavit
2226 1544 2354 1592 cerui
2376 1543 2701 1607 Phoe-phorum

502 1619 607 1653 cum
628 1604 735 1652 Sole
750 1620 1003 1668 purpureo,
1024 1611 1105 1653 aut
1128 1608 1294 1654 Jotem
1313 1607 1488 1655 micare
1506 1606 1801 1667 coriy'unctum
1830 1608 2031 1657 Baccho.
2093 1606 2304 1667 Agmina
2325 1607 2614 1671 composita
2635 1622 2700 1656 ex

504 1668 766 1717 cohortibus
796 1670 1001 1731 galeatis
1021 1668 1284 1732 florescunt
1318 1673 1620 1734 undequaque
1633 1688 1648 1719 .·
1680 1672 1985 1737 unusquique
2013 1672 2277 1735 predicens
2309 1676 2357 1721 te
2393 1673 2560 1735 lingua
2583 1686 2670 1721 cua
2685 1687 2702 1721 .·

1424 1795 1778 1815 euctemon

504 1893 589 1941 vel
607 1908 729 1942 nunc
750 1894 881 1957 Reg.
952 1896 1107 1950 Quam
1126 1898 1280 1944 tutum
1302 1896 1452 1944 Varr.
1478 1895 1584 1945 LL.
1603 1896 1686 1945 ed.
1706 1894 2031 1947 Anum-12⁷
2064 1895 2320 1959 Spectandi
2335 1909 2531 1961 puerum
2553 1896 2700 1945 Med.

503 1971 608 2007 sec.
642 1974 710 2007 m.
746 1973 826 2021 pr.
878 1960 1098 2022 puerique
1135 1962 1265 2009 Exc.
1304 1961 1525 2010 Lucens.
1564 1966 1810 2023 ρι·.--128
1837 1966 2000 2025 patres
2033 1962 2156 2011 vat.
2197 1962 2364 2025 quint.
2404 1960 2596 2011 Moret.
2623 1975 2703 2024 pr.

498 2026 664 2084 patres
685 2023 767 2071 vel
805 2036 935 2071 senes
956 2024 1080 2073 Vat.
1104 2030 1273 2088 quart.
1294 2024 1475 2074 Petav.
1498 2040 1579 2088 pr.
1635 2040 1740 2073 cum
1757 2029 1810 2073 tu
1831 2024 1964 2088 Reg.
1980 2038 2049 2073 m.
2070 2039 2176 2075 sec.
2229 2040 2370 2074 curru
2385 2025 2508 2074 Vat.
2531 2040 2610 2088 pr.
2633 2040 2702 2076 m.

504 2100 585 2147 pr.
634 2101 739 2134 cum
759 2092 807 2135 te
822 2088 943 2136 Vat.
966 2093 1089 2138 tert.
1140 2094 1196 2136 tu
1214 2104 1352 2151 quum
1376 2090 1772 2137 merente-129
1805 2090 2058 2153 Susceptus
2089 2088 2234 2139 Med.
2267 2104 2347 2153 pr.
2379 2090 2506 2138 Vat-
2529 2104 2703 2138 sec.—

504 2154 599 2199 130
638 2152 910 2214 Velavitque
936 2152 1054 2201 Pat.
1097 2153 1345 2215 Velm-ique
1366 2154 1490 2202 Put.
1513 2154 1666 2201 erineo
1688 2152 1829 2205 Prie.
1862 2167 2023 2202 curm
2039 2153 2405 2202 Tholos.--131
2431 2152 2702 2213 Lucifero...

503 2216 577 2262 vel
597 2214 706 2263 Sole
728 2215 1009 2265 Pau—132
1041 2217 1271 2265 June-tum
1293 2218 1421 2266 Exc.
1445 2218 1666 2267 Lucens.
1699 2232 1780 2281 pr.
1833 2219 2013 2267 Juncto
2034 2216 2214 2266 Ambr.
2249 2232 2329 2279 pr.
2382 2217 2557 2265 victum
2579 2218 2612 2267 J
2619 2232 2702 2269 un.

505 2291 589 2339 pr.
642 2280 848 2327 cinctum
871 2281 956 2328 ed.
980 2281 1153 2330 Vicet.
1178 2281 1487 2331 Leia-133
1522 2282 1688 2330 Floret
1707 2283 1831 2330 Vat.
1854 2289 1978 2331 tert.
2015 2282 2162 2330 Rott.
2195 2280 2358 2329 Oisel.
2398 2282 2540 2330 Med.
2579 2288 2704 2330 tert.

502 2342 628 2392 Jun.
650 2358 754 2391 sec.
775 2346 973 2393 Thuan.
992 2346 1121 2393 Exc.
1145 2346 1364 2394 Lucem.
1385 2360 1487 2394 sec.
1512 2352 1567 2393 et
1597 2346 1786 2394 Sched.
1811 2346 1954 2395 Gud.
2005 2346 2176 2395 Haeret
2199 2345 2369 2395 Oxon.
2393 2360 2471 2408 pr.
2530 2345 2702 2395 Hoeret

502 2401 589 2455 vel
612 2408 773 2456 Floret
796 2409 939 2457 Med.
959 2423 1062 2457 sec.
1112 2410 1213 2458 Iret
1234 2409 1369 2473 Reg.
1428 2410 1598 2458 Fervet
1624 2410 2012 2472 quatuordecim
2035 2410 2124 2458 alii
2147 2415 2201 2459 et
2223 2410 2302 2459 ed.
2321 2409 2492 2459 Vicet.
2535 2410 2705 2459 fleret

505 2472 703 2521 Bonon.
729 2472 904 2522 Ambr.
928 2488 1005 2535 pr.
1032 2474 1217 2523 Petav.
1240 2488 1344 2521 sec.
1401 2474 1568 2521 Flebat
1593 2473 1713 2523 Put.
1769 2474 1940 2524 Flebat
1978 2479 2032 2521 et
2061 2473 2264 2522 emend.
2319 2474 2496 2521 Fertur
2514 2474 2705 2523 Par.-

505 2539 601 2583 134
627 2538 927 2598 proestringit
951 2539 1081 2585 Exc.
1104 2538 1253 2586 Laeti.
1300 2538 1603 2599 praestrinxit
1625 2538 1818 2587 Moret.
1845 2553 1947 2587 sec.
1971 2539 2100 2586 Exc.
2121 2539 2335 2587 Lucens.
2360 2551 2440 2599 pr.
2477 2538 2710 2599 peretrin-

500 2600 579 2661 git
603 2608 708 2648 tres
729 2603 850 2649 Vat.
876 2602 1067 2649 Mor-et.
1091 2617 1172 2663 pr.
1197 2604 1350 2652 Farn.
1374 2602 1523 2651 Rott.
1546 2603 1734 2650 Petav.
1757 2616 1838 2665 pr.
1861 2602 2066 2651 Junian.
2089 2602 2258 2649 Oxon.
2299 2601 2585 2662 proetriugit
2617 2602 2703 2651 vel

501 2666 804 2725 praestrinxit
826 2667 1127 2727 ch.—135‘
1154 2666 1398 2729 strictique
1430 2680 1562 2727 seges
1598 2664 1777 2713 Ambr.
1816 2671 1940 2713 tert.
1991 2678 2120 2727 sepes
2137 2665 2264 2712 Var.
2290 2664 2392 2713 LL.
2429 2665 2513 2713 ed.
2535 2664 2702 2715 AntV.

506 2729 711 2790 undique
729 2744 821 2791 pro
842 2730 1189 2792 nudique-Vnt.
1214 2745 1293 2792 pr.
1338 2728 1471 2789 ferri
1510 2730 1652 2779 Med.
1689 2735 1860 2793 quart.
1899 2730 2027 2777 Exc.
2071 2730 2291 2777 anens.
2325 2742 2405 2790 pr.
2459 2726 2566 2777 belli
2602 2729 2702 2779 duo

504 2791 628 2841 Vnt.
654 2794 797 2842 Rott.
822 2794 985 2843 Oisel.
1024 2795 1255 2843 Florent.
1288 2793 1389 2844 duo
1414 2794 1559 2845 Med.
1580 2795 1706 2843 Var.
1732 2794 1833 2843 LL.
1852 2792 1935 2842 ed.
1958 2792 2119 2853 Antv.
2143 2792 2226 2841 ed.
2251 2793 2427 2841 Parm.
2450 2800 2505 2842 et
2526 2792 2700 2844 Vicet-

1499 2964 1710 3015 No'rAE

508 3094 687 3143 dorum
708 3094 1031 3159 Principum.

574 3174 669 3219 128
704 3170 955 3219 Certavere
974 3168 1127 3230 cenea]
1158 3169 1317 3219 Senes
1355 3169 1455 3217 etsi
1490 3184 1567 3218 se·

505 3246 618 3294 veri
638 3252 831 3294 suntet
851 3246 1042 3307 tetrici,
1060 3252 1231 3294 tamen
1249 3260 1367 3294 cum
1387 3246 1565 3308 pueris

505 3328 841 3371 certaverunt
861 3323 1128 3373 alacritate
1158 3321 1416 3386 currendi,
1451 3336 1562 3384 proe

508 3396 763 3446 desiderio
784 3398 1029 3446 cernendi
1050 3398 1315 3462 triumphi.

572 3478 668 3521 130
704 3474 973 3537 Communis
992 3474 1175 3537 laurea]
1208 3476 1277 3523 Et
1300 3473 1455 3537 patri,
1476 3475 1563 3537 qui

506 3548 724 3611 vicerat,
756 3555 814 3598 et
844 3548 1129 3612 filio,cujus
1146 3549 1401 3599 felicitate
1413 3550 1564 3599 citior

506 3624 726 3675 victoria
750 3626 1063 3689 contigerat.

570 3702 692 3751 Pice
710 3701 897 3763 carrus]
932 3702 1122 3763 Patris,
1139 3701 1224 3767 qui
1244 3703 1441 3765 pietate
1456 3716 1562 3750 mo-

510 3783 595 3827 tus
617 3779 835 3841 vicerat,
857 3784 916 3826 ut
939 3786 1178 3842 pacatum
1212 3778 1387 3827 liberis
1408 3778 1562 3827 relin-

508 3862 695 3921 queret
747 3855 1047 3917 Imperium.
1137 3856 1435 3905 Notandum
1482 3861 1564 3904 est

507 3944 687 3983 currus
722 3930 1057 3993 triumphales
1098 3944 1279 3979 aureos
1316 3929 1471 3979 fuisse
1510 3935 1566 3978 et

504 4009 783 4057 laureatos.
1540 4032 1551 4038 -

564 4088 667 4133 0131
704 4082 826 4139 Quis
840 4096 930 4131 non
950 4080 1249 4143 Luciferum]
1296 4081 1401 4132 Qui
1422 4080 1567 4131 videt

506 4148 914 4223 triumphantem
932 4157 1296 4219 Theodosium,
1318 4170 1437 4206 cum
1458 4154 1565 4205 filio

506 4234 761 4305 Honorio,
800 4236 844 4288 is
881 4241 1035 4302 putet
1076 4234 1255 4285 videre
1290 4246 1349 4285 se
1392 4234 1565 4286 Solem

1645 3108 1762 3143 cum
1802 3093 2125 3157 Phosphoro,
2165 3098 2257 3141 aut
2289 3090 2561 3153 Lucifer03
2613 3097 2705 3141 aut

1641 3170 1826 3221 Jovem
1850 3184 1966 3217 cum
1987 3169 2195 3218 Baccho
2217 3168 2340 3217 filio.

1709 3249 1804 3293 132
1823 3245 2041 3305 Bromio]
2069 3246 2292 3302 Baccho,
2317 3244 2402 3307 qui
2425 3244 2499 3291 sic
2514 3242 2706 3291 dicitur

1644 3320 1736 3369 ἀπὸ
1768 3322 1854 3372 τοῦ
1890 3318 2094 3383 βρέμειν,
2120 3319 2346 3378 fremere,
2385 3332 2676 3367 murmurare
2687 3333 2707 3376 ‚·

1643 3396 1840 3460 quippe
1877 3404 2029 3444 natus
2067 3402 2150 3444 est
2169 3396 2402 3442 Bacchus
2433 3394 2571 3442 inter
2601 3391 2705 3441 fre·

1643 3472 1836 3522 mentia
1859 3472 2085 3521 tonitrua
2105 3487 2121 3531 3
2162 3473 2243 3520 vel
2267 3471 2460 3519 dicitur
2483 3467 2703 3518 fremere

1645 3547 1710 3596 ab
1732 3546 1928 3596 effectis
1953 3548 2072 3598 vini.

1709 3628 1802 3672 133
1826 3624 1990 3672 Floret
2013 3621 2266 3683 exercituo]
2291 3620 2378 3671 Ob
2399 3620 2584 3669 cristas
2608 3618 2706 3669 sci-

1642 3700 1768 3749 licet
1801 3698 1941 3748 floris
1977 3701 2136 3747 instar
2168 3698 2468 3747 emicantes.
2535 3696 2706 3758 Virgi-

1644 3775 1774 3825 liusz
1807 3778 1822 3803 ‘
1846 3778 2114 3824 Florentes
2135 3788 2240 3823 aere
2256 3772 2532 3821 catervas!
2596 3771 2704 3821 Alii

1645 3851 1841 3914 legunt,
1864 3852 2050 3911 Fervet,
2069 3850 2123 3897 id
2146 3860 2244 3910 est,
2264 3848 2415 3897 ardet
2437 3848 2706 3913 honorare,

1647 3936 1700 3977 et
1723 3928 2011 3991 praedicare
2034 3927 2352 3989 Principem.
2595 3960 2604 3969 .

1711 4008 1806 4053 134
1862 4004 1980 4053 Voce
2016 4002 2208 4064 canens]
2265 4000 2472 4049 Diversi
2523 3999 2706 4063 populi
2782 4036 2788 4042 .

1645 4080 1852 4130 diversa
1885 4086 1938 4129 te
1970 4079 2146 4141 lingua
2177 4084 2372 4127 canunt
2392 4084 2547 4140 atque
2565 4091 2702 4126 com-

1643 4155 1906 4205 mendant.
1972 4152 2260 4203 Martialis:
2311 4152 2328 4179 ⁴
2347 4152 2463 4201 Vox
2497 4150 2703 4201 diversa

1643 4238 1813 4299 sonat,
1833 4232 2139 4301 populorum
2159 4236 2241 4281 ert
2260 4242 2362 4281 vox
2385 4232 2560 4279 tamen
2580 4240 2704 4293 una,
