3184 4967
1333 393 1723 446 uris-rona,
2578 379 2627 446 3

427 555 712 619 campos
741 539 1042 618 patentes
1085 535 1286 602 tertur
1301 539 1333 601 ‘i
1396 537 1550 623 quis
1597 544 1668 606 te
1716 537 1996 622 propius
2046 559 2309 607 cursum
2333 540 2623 608 ferarum

428 637 708 721 premit?
751 638 908 720 quis
935 637 1073 702 ictu
1121 640 1396 704 certiore
1443 660 1605 704 aves
1648 643 1949 706 volantes
1992 641 2173 721 licet,
2216 641 2489 728 deJicit‘r
2554 643 2631 710 Si

431 759 622 808 enses
651 741 852 804 retusi
877 740 1188 804 vibrandi
1239 751 1414 818 sunt,
1471 761 1603 824 qua
1630 741 1725 818 vi,
1756 759 1890 824 qua
1920 745 2215 827 corporis
2244 745 2537 827 agilitate
2558 743 2633 810 id

427 841 652 905 facis'!
700 839 778 905 Si
807 842 972 924 quid
997 863 1088 907 ex
1117 843 1202 907 iis
1229 844 1453 920 rebuS‚
1485 865 1635 926 quae
1666 846 1753 908 ad
1772 845 1947 909 bella
1977 865 2417 932 campumque
2448 845 2633 910 Mar·-

300 987 307 992 -
431 943 520 1006 tis
568 948 636 1007 et
660 943 924 1007 urbium
952 946 1354 1008 munimenta
1397 947 1749 1027 pertinent,
1781 943 2311 1012 adumbrandum
2340 954 2465 1024 est,
2494 967 2633 1012 rem

430 1049 619 1110 tanta
647 1045 918 1110 solertia
947 1046 1289 1127 exprimis,
1321 1053 1398 1108 ut
1428 1046 1499 1109 in
1528 1053 1644 1109 tuo
1684 1065 1880 1129 opere
1922 1067 2053 1112 non
2079 1049 2473 1114 inficiandas
2502 1049 2633 1116 sibi

429 1167 646 1212 rerum
671 1149 990 1230 imagines
1024 1147 1212 1212 Mars
1239 1149 1392 1231 ipse
1412 1148 1721 1213 fateatur.
1766 1147 1811 1212 J
1816 1168 1947 1228 am,
1979 1152 2037 1214 si
2066 1170 2247 1215 arma
2290 1152 2635 1217 tractanda

433 1257 613 1328 sunt,
661 1255 726 1314 et
770 1251 1010 1315 milites
1054 1249 1459 1332 quibusdam
1507 1251 1717 1315 veluti
1762 1266 2005 1333 pugnae
2050 1252 2446 1330 simulacris,
2498 1273 2635 1336 quo

430 1371 592 1416 vera
637 1350 876 1415 deinde
929 1354 1295 1416 certamina
1345 1353 1733 1436 prudentius
1785 1350 2149 1435 fortiusque
2208 1356 2637 1433 committant,

435 1453 941 1531 assuefaciendi‚
991 1473 1108 1518 eos
1154 1453 1242 1518 ad
1286 1473 1742 1538 quascumque
1786 1455 2095 1519 militaris
2150 1456 2641 1536 exercitationis

423 1555 706 1632 forma&
735 1555 822 1618 ad
851 1575 1290 1640 quaecumque
1325 1556 1568 1638 praelia
1592 1557 1856 1622 ludicra
1884 1557 1983 1621 sic
2010 1557 2211 1622 vertis
2233 1576 2315 1622 ac
2346 1562 2639 1642 torques,

368 1671 376 1680 ·
432 1664 508 1720 ut
547 1657 656 1720 vel
696 1657 854 1720 belli
867 1685 882 1694 ·
903 1657 1132 1722 Duces
1177 1659 1741 1746 praestantissimh
1806 1679 2007 1743 quam
2045 1664 2181 1723 tam
2227 1659 2531 1724 alacriter
2576 1661 2645 1722 et

435 1777 750 1841 generose
795 1759 1103 1837 sustines,
1131 1779 1282 1822 eam
1328 1779 1456 1826 non
1483 1758 1737 1842 majore
1766 1759 2090 1825 industria
2118 1779 2468 1843 personam
2498 1777 2681 1822 sus·.

434 1859 744 1924 tinerent.
831 1859 908 1924 Si
937 1860 1220 1943 denique
1271 1859 1640 1925 domandus
1673 1867 1789 1931 „est
1819 1863 1979 1926 alter
2009 1862 2255 1945 aliquis
2284 1861 2641 1944 Bucepha-

429 1963 566 2038 luS,
594 1981 678 2025 ne
712 1959 1085 2026 Alexander
1112 1961 1376 2045 quidem
1405 1965 1556 2047 ipse
1593 1984 1745 2028 eum
1771 1965 1931 2029 licet
1954 1957 2299 2030 ferocitate
2338 1962 2647 2027 exultan-

435 2068 571 2128 tem
615 2069 734 2127 aut
791 2068 943 2146 agat
993 2063 1342 2145 callidius;
1417 2070 1554 2143 aut,
1609 2066 1668 2128 si
1718 2067 1813 2130 ita
1854 2066 2177 2144 videatur,
2223 2065 2442 2147 ipsius
2488 2083 2649 2147 spu-

435 2165 679 2230 mantis
708 2185 926 2230 armos
977 2166 1262 2230 stimulis
1310 2165 1806 2232 audentioribus
1852 2168 2087 2246 fodiat,
2120 2173 2241 2232 aut
2282 2185 2518 2232 cursus
2546 2185 2649 2229 re·-

436 2285 806 2350 cursusque
825 2268 1062 2331 melius
1077 2269 1284 2346 ineat,
1302 2271 1628 2352 orbesque
1657 2272 1931 2335 orbibus
1960 2270 2270 2354 sagacius
2295 2267 2647 2352 impediat.

323 2358 346 2377 '
436 2361 617 2452 Quae
641 2387 646 2394 ·
667 2364 932 2452 quidem
975 2370 1192 2453 prima
1233 2370 1354 2434 illa
1394 2372 1771 2436 rudimenta
1820 2380 1889 2436 et
1944 2370 2349 2436 incunabula
2387 2368 2652 2434 virtutis

439 2471 604 2534 satis
629 2471 936 2554 probant,
961 2491 1165 2554 ,quam
1194 2491 1435 2554 magna
1469 2475 1721 2538 habeas
1770 2495 1814 2539 a
1850 2480 2086 2542 natura
2112 2481 2307 2556 atque
2334 2473 2533 2536 etiam
2564 2470 2651 2534 ab

441 2572 935 2650 exercitatione,
967 2591 1119 2635 cum
1147 2579 1318 2637 aetas
1345 2595 1504 2638 mox
1535 2574 1724 2653 feret,
1758 2575 2057 2638 subsidia
2081 2575 2403 2638 bellorum
2431 2589 2657 2652 geren-

438 2671 716 2753 1doru1n3
785 2692 1115 2762 quamque
1162 2676 1426 2764 magnis
1471 2677 1815 2768 passibpS,
1848 2695 2051 2758 quam
2080 2677 2150 2738 in
2180 2674 2391 2755 gloria
2422 2689 2657 2737 conse·

438 2775 702 2858 quenda
731 2775 1001 2839 Heroes
1029 2776 1337 2854 inierunt,
1369 2795 1518 2840 eam
1548 2777 1647 2841 sis
1677 2778 1853 2841 viam
1883 2761 2179 2840 inituriiS.

433 2899 448 2919 ¹
529 2875 668 2940 Sed
695 2895 1078 2958 quanquam
1131 2877 1253 2941 illa
1295 2878 1418 2942 tibi
1464 2880 1687 2943 innata
1716 2878 1803 2942 ad
1831 2884 2163 2955 venatum,
2190 2895 2419 2959 equoS‚
2450 2888 2655 2952 arma,

436 2979 510 3042 et
537 2975 700 3054 alia,
731 2995 882 3060 quae
913 2983 1046 3042 tuae
1079 2987 1232 3042 c'um
1277 2979 1486 3055 aetati,
1535 2985 1673 3042 tum
1717 2977 1997 3043 fortunae
2030 2976 2271 3040 decora
2300 2981 2469 3054 sunt,
2500 2995 2658 3058 pro-

437 3078 678 3162 pensio
709 3084 786 3142 te
795 3084 938 3148 tam
967 3079 1381 3143 vehementer
1407 3080 1607 3162 rapit,
1648 3096 1853 3161 quam
1881 3096 2013 3140 non
2040 3077 2249 3141 ullum
2279 3075 2661 3159 Principem

437 3194 744 3262 unquam
768 3200 788 3259 3
832 3199 922 3243 ex
941 3181 1050 3244 his
1079 3187 1299 3244 tamen
1325 3182 1618 3244 animum
1635 3181 1937 3244 lubenter
1962 3198 2267 3255 revocem,
2298 3177 2384 3242 ad
2416 3178 2659 3240 artium

433 3282 892 3364 ingenuarum,
927 3303 1092 3366 quas
1120 3283 1192 3346 in
1215 3283 1476 3348 deliciis
1503 3283 1734 3358 habeS‚
1766 3281 1989 3346 studia
2016 3279 2386 3344 recolenda.
2464 3276 2661 3340 Unde

437 3383 516 3448 in
547 3379 901 3446 Claudiani
946 3387 1153 3448 nostri
1210 3385 1432 3448 animo
1477 3385 1655 3448 inest
1697 3383 1876 3448 velut
1919 3381 2254 3466 quoddam
2306 3381 2661 3461 augurium

390 3529 400 3532 -
441 3485 672 3568 gloriae
707 3487 839 3548 sibi
870 3487 1313 3569 acquirendae,
1361 3506 1517 3550 cum
1558 3491 1773 3550 mente
1817 3486 2045 3561 cernit,
2094 3485 2335 3568 quibus
2364 3481 2541 3545 curis
2574 3477 2665 3541 ad

444 3583 700 3650 cultum
743 3586 956 3650 multo
1007 3590 1472 3670 elegantiorem
1536 3587 2211 3671 splendidioremque,
2270 3601 2473 3664 quam
2535 3581 2665 3645 fuit

427 3690 657 3763 antea,
706 3686 1092 3763 restituitur,
1137 3689 1269 3749 ‘eas
1317 3689 1512 3749 curas
1567 3690 1691 3750 tibi
1737 3692 1925 3750 tanto
1984 3685 2287 3765 Principi
2348 3687 2665 3766 acceptas

439 3785 673 3850 referri
725 3793 1057 3869 oportere.
1169 3786 1354 3864 Quin
1407 3793 1474 3849 et
1523 3787 1783 3850 exultat
1839 3785 2103 3861 laetitia,
2174 3785 2671 3866 triumphatque

421 3887 721 3972 (gaudio,
769 3907 1020 3954 memor
1070 3907 1144 3950 se
1195 3889 1266 3950 in
1320 3895 1470 3951 tuas
1523 3904 1761 3949 manus
1830 3907 1975 3950 esse
2026 3892 2394 3963 venturum,
2444 3891 2668 3948 tecum

449 4008 689 4070 graves
720 3987 804 4052 de
831 3989 1030 4052 rebus
1053 3989 1309 4067 magnis
1337 4007 1669 4051 sermones
1698 3987 2264 4051 esse-collaturum
2291 4006 2309 4066 3
2354 3991 2418 4049 et
2446 3985 2661 4050 moni÷

443 4095 546 4168 ta,
597 4109 750 4172 quae
784 4090 890 4177 ad
941 4091 1216 4153 virtutes
1261 4091 1575 4166 moraleS,
1622 4089 1961 4166 militares,
1984 4107 2069 4153 ac
2114 4087 2427 4172 politicas
2466 4087 2676 4173 pertr-

443 4197 670 4282 neant,
695 4211 848 4258 esse
875 4192 1292 4257 traditurum.
