3184 4967
578 345 670 412 44
1397 359 1957 412 »Romanorumn

581 506 726 576 deri
745 511 1025 590 ⁶potest3
1085 525 1240 570 nam
1289 507 1504 570 omnis
1549 507 1921 572 divinarum
1962 509 2520 596 humanarumque
2560 531 2774 578 rerum

584 611 883 678 scientiae
916 611 1176 691 potiora
1205 611 1454 706 capita,
1501 607 1933 692 diversasque
1976 610 2061 674 de
2104 613 2189 675 iis
2233 611 2775 698 philosophorum

583 713 932 796 opiniones
971 711 1261 774 maxime
1297 711 1765 774 memorabiles
1804 713 2140 794 exposuit.
2230 713 2445 777 Etiam
2478 723 2777 781 astrono-

464 822 470 827 '
581 814 734 880 miae
759 814 1235 896 exquisitioris,
1267 832 1400 876 non
1428 812 1737 894 poeticae,
1772 817 2211 896 coguitionem
2238 817 2527 881 ostendit
2552 818 2778 882 multis

587 915 656 980 in
696 916 888 992 locis,
951 935 1107 997 quae
1152 921 1372 978 tamen
1431 936 1520 979 ex
1565 915 1833 980 Claudii
1878 917 2228 982 Ptolemaei
2287 917 2439 981 inde
2482 925 2783 1002 tempore

587 1015 1111 1095 Alexandrinos,
1137 1019 1252 1100 qui
1280 1017 1542 1100 quidem
1573 1018 1873 1082 doctrina
1894 1020 2003 1083 vel
2022 1021 2249 1084 leviter
2270 1027 2495 1086 essent
2521 1022 2779 1101 imbuti,

582 1120 806 1201 fugere
837 1140 966 1184 non
995 1128 1316 1203 poterant.
1409 1118 1582 1197 Quae
1614 1122 1739 1184 etsi
1764 1122 1913 1200 ⁶nint
1955 1142 2077 1204 per
2120 1141 2193 1186 se
2232 1125 2510 1205 egregia,
2564 1131 2783 1190 tamen

585 1221 870 1304 poeseos
913 1232 1162 1286 naturae
1215 1242 1444 1305 parum
1501 1221 2003 1288 accommodata
2069 1241 2216 1287 esse
2279 1225 2413 1288 dici
2462 1232 2781 1308 possunt3

587 1324 824 1387 etenim
854 1323 972 1386 illa
1011 1343 1116 1386 res
1145 1327 1400 1386 tantum
1439 1324 1536 1387 ita
1580 1322 2023 1406 prosequitur,
2066 1329 2141 1387 ut
2182 1326 2251 1388 in
2294 1345 2525 1390 seusus
2568 1328 2785 1390 incur-

587 1430 758 1502 runt,
804 1426 1184 1507 respuitque
1215 1424 1492 1487 subtiles
1519 1423 1671 1486 illas
1698 1423 2010 1501 rationeS,
2056 1443 2209 1507 quae
2240 1427 2499 1491 calculo
2530 1433 2782 1492 tantum

585 1527 813 1609 posito
841 1535 958 1590 aut
982 1533 1200 1588 mente
1227 1529 1296 1590 et
1333 1526 1835 1590 ratiocinatione
1866 1529 2286 1610 colliguntur.
2376 1527 2597 1592 Nemo
2627 1549 2786 1594 sane

587 1627 994 1712 frequentior
1021 1628 1148 1691 fuit
1175 1626 1548 1692 Claudiano
1589 1629 1661 1692 in
1684 1629 1931 1694 fabulis
1960 1631 2251 1714 antiquis
2278 1631 2689 1715 proferendis
2718 1637 2786 1696 et

594 1728 1100 1806 coacervandiS,
1147 1747 1318 1812 quas
1346 1734 1598 1792 mutare
1626 1731 1796 1794 solet
1836 1731 2161 1795 interdum
2204 1741 2275 1796 et
2304 1733 2558 1796 variare
2589 1738 2656 1797 et
2683 1751 2786 1797 ra»

599 1831 764 1896 tioni
791 1831 1272 1914 philosophicae
1305 1831 1811 1895 accommodare
1837 1831 2233 1911 Stoicorum,
2284 1833 2397 1915 qui
2426 1834 2555 1896 hoc
2584 1834 2787 1916 inpri-

592 1934 723 1996 mis
767 1933 1209 2010 instituerunt,
1255 1937 1322 1996 et
1349 1936 1777 2016 popularium
1826 1952 2098 1998 suorum
2144 1936 2503 2018 exemp103
2548 1935 2667 2010 ita,
2712 1939 2787 1998 ut

591 2051 731 2096 non
771 2054 1048 2099 necesse
1091 2036 1182 2098 sit
1225 2034 1290 2099 in
1335 2037 1440 2112 iis,
1503 2037 1573 2098 in
1640 2037 1883 2119 quibus
1928 2058 1971 2101 a
2012 2037 2269 2119 vulgari
2314 2035 2787 2100 consuetudine

590 2135 860 2214 recedit,
893 2137 980 2199 ad
1009 2137 1362 2200 obscuram
1393 2135 1779 2202 Heraclidis
1806 2139 2228 2222 disciplinam
2258 2136 2636 2217 confugere,
2676 2141 2791 2200 aut

593 2236 762 2300 alios
791 2242 1093 2302 auctores
1143 2238 1673 2320 circumspicere,
1722 2259 1893 2322 quos
1944 2245 2213 2305 secutus
2242 2240 2355 2304 sit.
2443 2238 2790 2303 Terrarum

593 2357 856 2421 quoque
883 2345 949 2403 et
981 2342 1319 2422 regionum
1363 2339 1915 2422 descriptionibus
1962 2341 2296 2420 abundat3
2342 2342 2522 2423 quod
2550 2341 2789 2404 mirum

593 2457 742 2501 esse
767 2443 1013 2522 nequit,
1061 2459 1214 2505 cum
1245 2441 1690 2506 'Alexandriae
1736 2443 2159 2526 geographiae
2206 2443 2425 2508 studia
2468 2443 2791 2506 florerent.

596 2536 753 2616 Qua
777 2541 846 2602 in
871 2561 942 2604 re
974 2542 1170 2606 simul
1215 2551 1515 2626 apparet,
1559 2564 1711 2607 eum
1759 2545 2037 2622 illorum,
2084 2565 2238 2627 quae
2270 2563 2499 2608 versus
2530 2550 2792 2627 septen-

594 2639 871 2704 trionem
902 2644 1028 2706 sita
1055 2649 1230 2721 sunt,
1265 2646 1370 2707 vel
1403 2645 1863 2726 imperfectam
1892 2646 1996 2709 vel
2024 2645 2265 2708 nullam
2294 2645 2609 2708 habuisse
2638 2665 2792 2728 cog-

591 2741 942 2821 nitionem3
986 2746 1146 2808 etin
1173 2745 1574 2826 quibusdam
1604 2747 1779 2822 aliis,
1814 2763 2095 2826 quorum
2120 2763 2349 2808 verum
2378 2743 2578 2807 situm
2606 2747 2793 2829 igno-

595 2849 793 2919 taret,
843 2851 916 2908 ut
961 2847 1218 2926 passim
1261 2848 1376 2910 alii
1431 2865 1699 2928 quoque
1748 2847 2058 2920 fecerunt,
2104 2846 2365 2926 ingenio
2407 2845 2793 2911 indulsisse.

597 2941 956 3025 Praecipue
979 2945 1664 3027 splendidissimorum
1684 2947 1965 3024 urbium,
1984 2948 2324 3021 montmm,
2347 2950 2413 3008 et
2433 2947 2794 3024 fluminum,

597 3044 705 3108 vel
721 3045 963 3126 mythis
981 3045 1480 3122 celebratorum,
1502 3047 1611 3109 vel
1636 3059 1851 3110 rerum
1874 3047 2227 3110 annalibus
2246 3044 2793 3128 memorabilium,

594 3142 903 3226 frequens
945 3146 1024 3209 fit
1082 3149 1329 3229 ubique
1375 3149 1646 3225 mentio,
1706 3149 1889 3212 nulla
1932 3149 2068 3212 sere
2124 3150 2351 3212 habita
2395 3150 2465 3211 in
2514 3149 2795 3214 urbibus

591 3245 872 3323 ratione,
917 3255 1134 3332 utmm
1153 3253 1454 3312 extarent
1469 3248 1708 3327 adhuc,
1752 3269 1839 3313 an
1865 3252 2074 3315 ruinae
2094 3255 2340 3314 tantum
2359 3255 2796 3333 superessent.

599 3348 680 3412 In
719 3351 1132 3432 exponendis
1173 3371 1440 3434 quoque
1503 3352 1701 3416 rebus
1762 3367 1893 3416 suo·
1942 3359 2235 3436 tempore
2296 3354 2495 3434 gestis
2540 3351 2801 3416 colores

596 3450 768 3516 solet
807 3458 1032 3534 petere
1077 3472 1166 3516 ex
1229 3456 1653 3536 antiquorum
1694 3462 1761 3519 et
1807 3451 2189 3520 Graecorum
2234 3463 2299 3519 et
2343 3455 2798 3517 Romanorum

598 3553 898 3618 moribus
929 3559 1128 3636 atque
1154 3556 1498 3632 institutiS‚
1544 3556 1615 3619 id
1644 3556 1821 3639 quod
1864 3558 1933 3619 in
1964 3563 2226 3638 promtu
2253 3556 2447 3619 debet
2474 3573 2625 3618 esse
2654 3573 2799 3618 car-

598 3654 780 3719 mina
803 3655 951 3738 ejus
978 3657 1243 3738 legenti,
1265 3675 1348 3718 ne
1372 3675 1475 3734 ea,
1499 3675 1653 3740 quae
1678 3656 1793 3720 diu
1813 3658 1956 3741 jam
1986 3658 2055 3719 in
2084 3655 2579 3720 desuetudinem
2604 3673 2799 3718 vene-

599 3757 752 3835 rint,
783 3758 1137 3821 Claudiani
1185 3755 1400 3821 adhuc
1447 3760 1859 3840 temporibus
1902 3758 2266 3820 obtinuisse
2315 3756 2797 3822 existimentur.

603 3858 764 3938 Qua
792 3879 864 3922 ne
907 3860 1036 3923 hoc
1079 3865 1183 3924 est
1225 3855 1647 3935 consecutus,
1699 3864 1773 3921 ut
1815 3860 1900 3920 iis
1945 3858 2199 3920 dicendi
2236 3857 2535 3920 formulis
2565 3865 2799 3940 posset

599 3964 722 4038 uti,
809 3981 980 4044 quas
1051 3962 1255 4044 prisci
1343 3961 1566 4044 poetae
1640 3957 2093 4035 adhibuerant,
2169 3977 2445 4039 suaeque
2515 3961 2799 4024 orationi

605 4062 1030 4144 antiquitatis
1087 4058 1468 4143 dignitatem
1528 4062 1927 4126 conciliaret.
2054 4061 2188 4125 Sed
2247 4060 2399 4123 inde
2461 4061 2801 4143 interpreti

605 4160 1034 4226 difficultates
1065 4167 1230 4226 ortae
1259 4170 1416 4226 sunt
1459 4164 1546 4227 ad
1589 4161 2094 4228 dissolvendum
2124 4163 2515 4244 plerumque
2544 4161 2803 4225 diffieil-

600 4264 806 4329 li'mae.
925 4262 1129 4330 Ritus
1179 4265 1374 4345 enim,
1425 4259 1745 4345 instituta,
1792 4265 2143 4348 religiones
2194 4262 2605 4343 Graecorum,
2656 4259 2801 4329 Ro-
