3184 4967
560 336 696 405 222

1271 353 1385 405 GL.
1434 350 1864 403 GLAUmANl
1911 352 2084 404 VIL‘

561 496 841 560 Brontes
867 494 1222 559 innumeris
1252 502 1608 580 exasperat
1635 496 1856 579 aegida
1883 496 2126 580 signis:

562 594 795 659 Altum
821 596 1143 667 fulminea
1170 596 1460 679 crispare
1488 599 1559 662 in
1588 597 1854 669 casside
1886 617 2122 661 conum

565 697 871 761 Festinat
900 698 1211 780 Steropes
1234 719 1254 778 ;
1283 700 1488 763 nectit
1518 700 1793 765 thoraca
1821 699 2202 781 Pyracmon
2226 718 2245 780 ;

2634 694 2765 761 195

562 798 997 881 Ignifluisque
1029 800 1228 881 gemit
1258 799 1501 881 Lipare
1530 801 1792 864 fumosa
1823 800 2152 865 cavernis.

572 898 787 964 Vobis
819 900 1017 963 Ionia
1047 900 1299 964 virides
1332 900 1692 983 Neptunus
1723 901 1792 963 in
1822 900 1976 983 alga

567 998 798 1065 Nutrit
824 1021 1067 1084 equos:
1128 1002 1246 1084 qui
1274 1022 1528 1065 summa
1564 1003 1719 1067 freti
1747 1022 1870 1084 per
1899 1000 2162 1087 coerula
2184 1000 2442 1083 possint

568 1100 765 1165 Ferre
791 1103 993 1179 viam,
1025 1108 1448 1185 segetemque
1476 1103 1612 1167 levi
1642 1122 2024 1185 percurrere
2055 1106 2280 1167 motu:

569 1200 855 1267 Nesciat
882 1210 955 1267 ut
984 1224 1287 1286 spumaS,
1316 1224 1443 1269 nec
1475 1210 1768 1287 proterat
1794 1204 2043 1284 ungula
2070 1204 2348 1266 culmos.

2643 1201 2773 1267 200

568 1301 613 1365 J
616 1322 725 1365 am
754 1302 948 1367 video
980 1304 1336 1387 Babylona
1361 1305 1534 1387 rapi,
1572 1303 2019 1387 Parthumque
2050 1308 2353 1367 coactum

566 1470 737 1517 sudant
753 1468 807 1516 in
828 1468 992 1517 incude
1013 1470 1218 1517 AEtnoea.
1284 1470 1489 1517 Brontes
1506 1468 1732 1532 insculpit
1751 1470 1804 1517 in
1824 1470 1983 1532 clypeo
2005 1467 2145 1529 signa
2166 1466 2357 1533 infinita
2375 1484 2396 1527 ‚·
2429 1466 2652 1530 Steropes
2669 1481 2776 1531 pro-

564 1537 703 1595 perat
722 1534 999 1583 concinnare
1019 1533 1070 1581 in
1082 1535 1218 1594 galea
1228 1532 1513 1591 fulminanti
1534 1533 1716 1595 apicem
1735 1534 1975 1581 sublimem
1993 1549 2009 1581 .-
2047 1534 2316 1595 Pyracmon
2333 1532 2530 1594 colligat
2547 1533 2772 1591 loricam3

566 1602 618 1645 ct
638 1597 813 1660 Lipare
820 1596 1016 1654 sumans
1036 1598 1190 1657 mugit
1209 1598 1363 1646 antris
1373 1596 1698 1659 flammiferis.
1767 1598 2014 1659 Neptunus
2034 1597 2125 1646 alit
2148 1596 2278 1645 vobis
2300 1611 2438 1659 equos
2473 1598 2692 1645 coeruleos
2723 1597 2777 1647 in

570 1662 729 1709 littore
751 1661 903 1721 Ionio,
924 1662 1003 1723 qui
1024 1663 1210 1709 valeant
1228 1663 1418 1710 tendere
1449 1663 1544 1709 iter
1562 1677 1649 1724 per
1676 1668 1824 1724 terga
1858 1676 2072 1723 suprema
2095 1663 2241 1708 maris
2257 1662 2436 1722 glauci,
2465 1666 2514 1709 et
2531 1676 2778 1723 pererrare

568 1726 737 1773 cristas
756 1740 896 1773 curru
918 1725 1055 1772 celeri
1077 1741 1098 1783 ;
1133 1725 1261 1773 adeo
1300 1732 1353 1773 ut
1390 1740 1521 1786 seges
1535 1742 1627 1774 non
1643 1727 1817 1774 sentiat
1837 1740 2026 1788 spumas
2045 1740 2064 1781 ,·
2097 1731 2145 1775 et
2159 1728 2302 1787 pedes
2323 1739 2550 1788 equorum
2566 1740 2657 1777 non
2670 1740 2780 1787 pro-

570 1790 747 1839 culcent
761 1788 933 1852 spicas.
998 1790 1113 1837 Jam
1128 1803 1261 1837 cerno
1284 1789 1575 1852 Babylonem
1596 1792 1794 1853 vastari,
1835 1795 1882 1839 et
1901 1790 2110 1839 Parthos
2123 1789 2336 1839 subactos
2356 1796 2581 1853 metuere,
2599 1789 2776 1853 effugio

1503 1903 1561 1921 &O
1564 1904 1591 1921 O
1596 1900 1801 1921 OO‘Om
1804 1902 1827 1920 Ι
1831 1903 1860 1921 O

574 1986 815 2043 exasperet
862 1980 947 2029 ed.
975 1982 1147 2030 Parm.
1192 1989 1247 2031 et
1281 1982 1621 2031 vicen—194
1654 1981 1831 2031 Artum
1860 1982 2004 2031 Pric-
2059 1985 2267 2046 crispans
2292 1982 2438 2033 Med.
2462 1988 2586 2033 tert.
2640 1999 2784 2033 cornu

573 2047 695 2095 Vat.
741 2049 864 2094 tert.
900 2046 1049 2094 Rott.
1088 2045 1234 2097 Med.
1266 2051 1508 2109 pr.——195
1546 2046 1762 2095 Festinet
1783 2046 1933 2097 Rott.
1960 2046 2122 2096 Oisel.
2150 2049 2336 2097 Petav.
2361 2063 2466 2096 sec.
2491 2055 2546 2097 et
2573 2055 2694 2098 tert.
2713 2064 2782 2097 m.

574 2124 655 2173 pr.
701 2110 901 2157 Bonon.
942 2108 1121 2158 Ambr.
1168 2125 1247 2172 pr.
1301 2112 1574 2174 Pyragmon
1599 2111 1724 2159 Put.
1765 2111 1893 2160 Lov.
1931 2110 2078 2161 Leid.
2111 2126 2212 2160 sec.
2233 2113 2362 2174 Reg.
2387 2112 2488 2159 duo
2513 2113 2786 2162 Motet.et

514 2184 518 2189 ·
576 2174 764 2228 Petav.
803 2172 921 2221 duo.
943 2174 1061 2222 edd.
1105 2174 1277 2223 Vicet.
1303 2174 1478 2223 Parm.
1502 2173 1622 2222 Ald.
1645 2173 1836 2237 Isingr.
1861 2182 1915 2224 et
1939 2177 2233 2226 aliae.——-196
2266 2176 2504 2237 Ignifluus
2527 2178 2650 2225 Var.
2674 2178 2784 2226 LL.

576 2237 842 2287 ed.'Antv.
898 2236 1214 2300 Ignifhrisque
1260 2238 1395 2301 Reg.
1430 2240 1552 2289 Jun.
1602 2252 1682 2299 pr.
1726 2238 1894 2287 Oxon.
1918 2254 1997 2301 pr.
2034 2240 2180 2288 Med.
2203 2254 2309 2289 sec.
2364 2238 2554 2302 Lupare
2586 2234 2784 2289 Moret.

577 2316 685 2351 sec.
740 2302 915 2363 Lipate
926 2303 1051 2351 Var.
1068 2302 1170 2350 LL.
1194 2301 1276 2351 ed.
1300 2303 1458 2350 Antv.
1500 2300 1692 2361 furiosa
1717 2302 1863 2351 Med.
1883 2308 2152 2352 sem—197
2185 2304 2238 2351 in
2257 2306 2383 2352 unda
2400 2305 2484 2351 vel
2502 2306 2616 2365 alga
2638 2304 2784 2355 Med.

613 2369 911 2413 narn—198
948 2381 1025 2413 eos
1066 2381 1162 2428 pro
1200 2381 1337 2427 equos
1372 2368 1496 2415 Vat.
1544 2373 1668 2415 tert.
1721 2382 1864 2429 equas
1901 2367 2023 2415 Put.
2073 2382 2160 2429 per
2198 2368 2360 2416 nubila
2397 2368 2543 2417 Prie.
2580 2372 2779 2431 possunt

631 2433 918 2477 xum—199
935 2429 1101 2489 jubam
1118 2444 1213 2493 pro
1230 2432 1357 2479 aiam
1379 2431 1571 2481 Moret.
1590 2445 1696 2479 sec.
1719 2430 1964 2479 Heinsius
2008 2432 2322 2493 ascripserat
2347 2445 2421 2481 lv.
2453 2434 2606 2481 Cons.
2635 2432 2780 2482 Hon.

578 2498 692 2542 548.
745 2499 1010 2555 segetesque
1050 2494 1194 2542 Med.
1240 2499 1511 2543 sem—200
1546 2494 1744 2543 Nesciat
1777 2510 1829 2543 os
1863 2510 2049 2557 spumas
2072 2496 2218 2543 Med.
2243 2502 2365 2543 tert.
2419 2497 2573 2559 spicas
2590 2496 2785 2546 Moret.

578 2572 657 2620 pr.
693 2572 759 2605 m.
792 2572 895 2605 sec.
957 2571 1016 2605 ne
1053 2558 1179 2606 Vat.
1216 2572 1296 2618 pr.
1332 2559 1487 2606 Farn.
1522 2573 1614 2606 non
1656 2560 1855 2608 Mazar.
1902 2564 2114 2621 proteret
2149 2560 2270 2608 Vat.
2312 2574 2392 2621 pr.
2439 2562 2592 2608 Farn.
2627 2566 2786 2623 prote-

576 2626 666 2682 gat
704 2621 886 2670 Ambr.
929 2626 1169 2683 pr.--201
1204 2623 1405 2683 Jamque
1439 2622 1569 2670 videt
1611 2623 1733 2671 Vat.
1776 2629 1898 2671 tert.
1943 2624 2088 2671 Rott.
2132 2624 2278 2673 Med.
2319 2639 2423 2671 sec.
2452 2625 2677 2673 Florem.
2717 2640 2786 2673 m.

580 2701 657 2749 pr.
698 2700 858 2749 marg.
898 2684 1084 2749 Isingr.
1126 2685 1371 2735 Heinsius
1408 2686 1622 2749 corrigit
1661 2688 1863 2749 Jamque
1897 2686 2070 2737 viden'.
2095 2688 2168 2737 sic
2193 2689 2464 2752 aliquoties
2504 2689 2644 2751 apud
2665 2690 2786 2737 Val-

1577 2816 1790 2865 NOTAE

582 2909 929 2973 Amphitrites
974 2887 1095 2972 filii,
1133 2911 1355 2959 Vulcani
1404 2911 1644 2973 ministri,
1724 2926 1900 2974 caprae
1940 2910 2268 2962 Amaltheae:
2318 2912 2452 2960 unde
2484 2911 2679 2960 dicitur
2702 2910 2789 2960 ΖΕ·

580 2986 657 3035 sic
680 2986 919 3034 dicuntur
940 2985 1033 3033 ἀπὸ
1053 2987 1143 3033 τοῦ
1171 2984 1365 3048 κύκλου,
1402 3003 1433 3036 a
1452 2986 1647 3048 circulo,

583 3064 722 3128 quod
764 3064 1003 3114 dicantur
1040 3066 1233 3115 habere
1267 3070 1469 3114 tantum
1489 3078 1645 3111 unum

581 3137 805 3200 oculum,
832 3140 976 3188 velut
998 3140 1261 3203 ingentem
1284 3139 1528 3188 circulum
1556 3143 1647 3186 aut

583 3214 781 3264 orbem.
846 3216 994 3279 Virg.
1032 3215 1048 3243 ‘
1071 3216 1302 3279 Argolici
1349 3215 1520 3277 clypei
1556 3222 1648 3264 aut

585 3290 843 3340 Phoebeae·
855 3291 1107 3356 lampadis
1126 3292 1323 3342 instar!

603 3376 610 3381 ’
648 3368 811 3419 Sicula
825 3370 1014 3434 incude]
1063 3370 1278 3435 AEtnaea,
1322 3384 1437 3434 quae
1471 3376 1555 3419 est
1593 3370 1647 3419 in

581 3444 781 3497 Sicilia.

651 3525 744 3570 193
782 3524 1006 3584 Brontes,
1067 3522 1301 3585 Steropes,
1358 3522 1650 3585 Pyracmon]

582 3596 710 3644 Tres
732 3598 951 3647 Vulcani
975 3599 1211 3647 ministri.
1277 3598 1497 3647 Brontes
1520 3598 1648 3648 dici-

586 3681 673 3721 tur
696 3671 787 3719 ἀπὸ
823 3674 927 3741 τῆς.
944 3675 1163 3735 Βροντῆς,
1206 3689 1235 3722 a
1266 3672 1479 3721 tonitrus
1534 3674 1649 3722 Ste-

584 3760 758 3809 ropes,
796 3747 888 3795 ἆπὸ
936 3750 1023 3805 τῆς
1060 3750 1314 3811 Emporiis,
1353 3763 1384 3795 a
1415 3748 1648 3808 fulgure:

584 3821 895 3885 Pyracmon,
916 3824 1064 3886 quasi
1086 3825 1193 3887 πῦρ,
1207 3822 1352 3884 ignis,
1390 3828 1447 3870 et
1475 3822 1648 3886 ἄκμων,

651 3972 946 4033 Exasperat]
994 3972 1249 4035 Asperum
1276 3971 1449 4020 reddit
1471 3972 1647 4035 clype-

585 4060 691 4107 um,
714 4048 987 4111 insculptis
1012 4048 1185 4095 multis
1214 4046 1389 4109 signis.

650 4120 854 4183 AEgida]
920 4124 1171 4186 clypeum
1213 4139 1227 4171 ι
1277 4122 1421 4187 AEgis
1472 4129 1646 4171 autem

586 4195 859 4246 eratsovis
878 4198 1109 4262 clypeus,
1126 4202 1399 4248 contextus
1410 4211 1487 4263 ,ex
1509 4198 1648 4260 pelle

1725 2988 1823 3051 gis,
1841 2986 1933 3035 ἀπὸ
1953 2990 2041 3046 τῆς
2064 2987 2213 3052 αἰγὸς,
2232 3005 2262 3037 a
2281 3004 2438 3051 capra.

1790 3066 1885 3112 194
1923 3066 2145 3127 crispare
2187 3064 2374 3126 conum]
2443 3063 2788 3129 concinnare,

1727 3140 1966 3189 attollere
1987 3140 2204 3202 apicem,
2228 3138 2428 3189 cristas.

1791 3218 1887 3263 196
1922 3214 2119 3277 Lipare]
2158 3216 2274 3263 Una
2304 3230 2369 3263 ex
2392 3214 2567 3263 insulis
2592 3213 2787 3278 AEolii‘s,

1726 3287 1932 3339 officina
1953 3290 2193 3338 Vulcani.
2429 3315 2446 3326 -

1796 3370 1886 3415 19⁷
1923 3366 2173 3427 Neptunus
2192 3364 2344 3413 nutrit
2373 3363 2532 3427 equos]
2585 3364 2789 3413 Priinus

1729 3454 1979 3504 equorum
2004 3446 2209 3491 creator
2242 3448 2395 3503 atque
2435 3439 2660 3489 domitor
2699 3453 2788 3489 vo·

1729 3515 1806 3564 bis
1847 3515 1940 3564 alit
1983 3529 2141 3579 equos
2185 3516 2620 3578 generosissimos.
2687 3517 2788 3565 Cui

1729 3594 1997 3655 Neptuno,
2043 3608 2109 3641 ex
2146 3593 2384 3656 Virgilio,
2429 3594 2444 3621 ‘
2471 3593 2641 3655 prima
2686 3592 2792 3642 fre-

1728 3675 1952 3717 mentem
1992 3668 2151 3717 Fudit
2187 3683 2376 3731 equum
2413 3668 2568 3716 tellus
2598 3682 2789 3731 magno

1730 3758 1974 3807 percussa
1997 3744 2257 3793 tridente!

1790 3818 1942 3880 Alga]
1977 3820 2074 3867 Est
2088 3819 2248 3868 herba
2266 3819 2481 3867 marina.

1793 3895 1950 3957 Ionia]
1981 3893 2119 3943 Asiae
2137 3895 2348 3943 minoris
2368 3892 2530 3957 regio,
2565 3893 2681 3943 coeli
2699 3893 2791 3943 bo-

1724 3970 1894 4018 nitate
1950 3976 2005 4019 et
2059 3971 2188 4018 situs
2241 3970 2610 4019 commoditate
2651 3970 2791 4019 cele-

1727 4045 1896 4096 brata.

1791 4122 1885 4167 2⁰1
1908 4119 2174 4183 Babylona]
2194 4119 2448 4183 Babylon,
2461 4118 2640 4184 (vulgo
2653 4120 2790 4182 Bag-

1725 4196 1829 4258 dat,
1842 4209 1958 4259 quae
1981 4196 2106 4245 urbs
2124 4201 2323 4249 mutato
2339 4198 2453 4248 loco
2471 4195 2788 4262 sie-dieitur3
