3184 4967
1115 394 1196 443 ιΝ
1257 394 1375 443 οι.
1421 392 1962 445 anumAuuu.
2559 380 2644 445 51

445 538 668 606 adhuc
697 536 1090 622 deprehendi
1119 543 1414 620 possent,
1433 558 1580 603 esse
1600 538 1907 616 collecta,
1929 556 2085 603 cum
2104 536 2247 622 jam
2275 543 2644 622 temporum

441 641 640 723 lapsu
663 658 792 703 non
823 657 1036 722 pauca
1062 646 1282 703 essent
1305 639 1409 703 vel
1439 640 1781 723 deperdita
1804 641 1907 703 vel
1938 659 2320 722 suppressa.
2389 640 2646 705 Forsan

441 740 595 806 inde
621 758 884 823 quoque
913 740 1239 821 explicari
1269 746 1550 822 possunt
1601 740 2137 823 interpolationes
2178 740 2354 805 haud
2382 762 2642 825 paucae,

443 848 576 919 aut,
607 843 664 904 si
697 844 937 925 mair-ist,
967 841 1119 905 loca
1140 836 1350 923 ‘plane
1381 842 1613 923 inepta
1659 849 1724 906 et
1769 842 2037 923 frigida,
2068 863 2347 925 quorum
2380 844 2643 926 culpam

439 942 660 1027 poetae
714 947 942 1006 manes
996 946 1323 1006 immerito
1371 944 1717 1021 sustinent,
1763 950 1827 1007 et
1872 945 2079 1009 nimia
2124 946 2447 1008 brevitate
2494 963 2647 1027 per-

437 1044 665 1127 plexa,
713 1064 865 1125 quae
921 1062 1008 1105 ex
1056 1044 1315 1108 lacunis
1367 1044 1540 1107 male
1589 1044 1887 1107 consutis
1938 1051 2221 1127 possunt
2266 1052 2410 1109 orta
2468 1064 2639 1109 esse.

441 1142 800 1227 Praecipue
853 1144 920 1206 in
963 1144 1049 1207 iis
1095 1144 1520 1222 carminibuS,
1567 1164 1718 1226 quae
1772 1146 2319 1226 epigrammatum
2380 1146 2641 1209 nomine

440 1245 1002 1321 circumferuntur,
1056 1244 1321 1307 difficile
1382 1250 1486 1307 est
1531 1243 1871 1326 judicatu,
1918 1264 2225 1325 quaenam
2284 1244 2641 1309 Claudiani
2710 1276 2719 1283 ·

441 1343 591 1421 sint,
622 1364 908 1427 quaeque
939 1346 1138 1408 alium
1170 1349 1501 1408 auctorem
1543 1344 1859 1407 habeant:
1907 1344 1974 1405 in
2006 1343 2134 1406 hoc
2174 1354 2347 1406 certe
2376 1364 2639 1410 mecum

439 1448 853 1510 consentient
903 1466 1152 1522 omnes,
1198 1464 1302 1523 ea,
1345 1448 1416 1509 in
1445 1445 1693 1527 quibus
1738 1464 1843 1506 res
1873 1443 2213 1525 religionis
2246 1443 2639 1512 Christianae

437 1547 865 1623 celebrantur,
897 1549 981 1610 ad
1013 1547 1196 1611 illum
1222 1565 1354 1609 non
1383 1548 1727 1628 pertinere,
1749 1545 1866 1608 sed
1896 1545 2084 1607 lusus
2114 1564 2261 1607 esse
2291 1546 2389 1627 pii
2417 1545 2641 1628 cujus-

437 1644 592 1710 dam
619 1647 886 1729 ingenii,
912 1647 1076 1709 bene
1095 1644 1362 1729 quidem
1393 1645 1476 1708 de
1504 1646 1847 1728 republica
1868 1643 2245 1729 Christiana
2274 1646 2637 1722 sentientiS,

437 1747 557 1811 sed
588 1748 672 1810 ab
699 1748 878 1810 omni
904 1748 1220 1810 facultate
1248 1743 1516 1830 po'etica
1555 1745 1725 1809 adeo
1771 1746 2199 1823 abhorrentiS,
2238 1753 2313 1812 ut
2353 1766 2437 1809 ne
2464 1748 2641 1812 osci·

436 1848 600 1912 tanti
628 1848 890 1931 quidem
917 1846 1288 1911 Claudiano
1318 1848 1388 1909 in
1425 1854 1705 1909 mentem
1734 1848 1957 1909 venire
1986 1849 2343 1928 potuerint,
2376 1848 2638 1913 etiamsi

435 1967 683 2024 suma,
714 1948 895 2010 illum
929 1948 1034 2011 vel
1060 1948 1146 2010 ad
1178 1946 1615 2010 Christianam
1661 1951 1913 2010 sectam
1962 1966 2033 2009 se
2078 1950 2502 2029 convertisse,
2531 1951 2639 2013 vel

434 2068 694 2131 semper
739 2050 943 2112 fuisse
986 2050 1138 2132 ejus
1183 2048 1532 2125 asseclam,
1587 2046 1785 2130 cujus
1826 2052 2051 2111 tamen
2096 2050 2191 2111 rei
2249 2049 2317 2113 in
2366 2050 2638 2133 reliquis

435 2140 834 2231 carminibus
881 2150 1130 2213 nullum
1175 2154 1360 2213 extat
1407 2148 1787 2231 vestigium.
1877 2146 2052 2212 Inter
2092 2150 2347 2231 reliqua
2373 2168 2638 2234 quoque

435 2252 742 2317 nonnulla
789 2257 941 2316 sunt
989 2252 1178 2315 dubii
1225 2252 1540 2329 auctoriS,
1588 2256 1655 2314 et
1694 2248 2101 2333 hujusmodi,
2130 2255 2207 2315 ut
2232 2269 2456 2334 operae
2504 2244 2637 2317 non

352 2354 356 2356 ’
434 2352 547 2433 sit,
571 2352 660 2417 >de
686 2352 778 2417 iis
803 2351 1070 2437 longam
1095 2352 1607 2437 disputationem
1630 2352 1988 2421 instituere.

1820 2530 1911 2597 G.
1956 2530 2037 2599 Ι..
2086 2514 2459 2617 KOENIG.
