3184 4967
582 443 672 518 12
1385 455 1958 508 rnonnsonrnuA
2047 477 2053 483 -
2106 443 2113 453 '

582 611 687 674 est
738 595 1112 690 probabile,
1155 623 1306 670 cum
1353 623 1436 668 ea
1485 595 1743 688 partem
1796 604 2189 688 eloquentiae
2238 603 2618 682 constituat,
2659 591 2783 670 au‘t
2828 671 2833 678 ,

582 709 820 772 saltem
879 708 1266 790 cognatione
1315 707 1691 770 arctissime
1746 724 1892 767 eam
1946 705 2244 786 attingat.
2333 704 2509 783 Quae
2560 709 2783 772 tamen

577 829 689 874 res
721 830 879 873 suas
905 810 1198 872 habebat
1226 807 1649 898 difficultates
1676 826 1807 869 non
1848 805 2041 872 facile
2088 807 2523 890 superanda&
2612 807 2783 872 Ora·-

581 911 834 975 tionum
853 913 1025 974 enim
1055 916 1289 974 natura
1311 912 1410 972 ita
1439 915 1830 992 comparata
1858 916 1981 985 est,
2013 913 2087 972 ut
2114 911 2397 992 partium
2420 909 2781 994 descriptio

582 1012 650 1076 in
679 1014 986 1076 omnibus
1037 1012 1175 1076 fere
1227 1013 1316 1076 sit
1363 1012 1618 1088 eadem,
1662 1018 1742 1077 et·
1777 1018 1852 1075 ut
1904 1011 2278 1089 diversitas,
2329 1011 2388 1074 si
2418 1029 2556 1094 qua
2582 1018 2706 1090 est,
2736 1033 2783 1100 a

581 1119 972 1197 temporum,
1022 1133 1259 1190 rerum,
1293 1131 1752 1196 personarum,
1812 1120 1882 1178 et
1935 1114 2235 1176 locorum
2279 1113 2533 1178 ratione
2580 1114 2779 1180 facile

581 1217 805 1301 possit
830 1217 1060 1299 repeti,
1089 1223 1156 1281 et
1185 1217 1271 1280 ad
1303 1221 1520 1279 certas
1539 1215 1820 1297 regulaS,
1852 1215 2249 1299 easdemque
2288 1235 2564 1299 paucaS,
2596 1235 2783 1281 revo-

487 1391 494 1396 ,
583 1318 742 1382 cari.
831 1315 1210 1381 Gar-minum
1241 1322 1460 1380 autem
1479 1335 1718 1398 genera
1746 1335 1879 1380 non
1914 1318 2129 1380 sol-um
2156 1315 2409 1380 infinita
2438 1317 2553 1380 sed
2580 1305 2781 1382 etiarn

581 1425 814 1486 natura
831 1439 956 1484 sua
975 1429 1113 1484 tam
1141 1418 1408 1483 diversa
1431 1425 1602 1496 sunt,
1623 1424 1723 1496 ut,
1756 1418 2087 1499 sisingula
2112 1418 2425 1501 quaedam
2453 1420 2781 1502 excipias,

583 1522 988 1604 compositio
1037 1540 1267 1584 eorum
1323 1521 1409 1586 ad
1467 1527 1812 1604 praecepta
1866 1520 2105 1584 deduci
2161 1531 2463 1605 nequeat.
2554 1521 2783 1603 Longe

582 1621 770 1686 aliter
797 1629 1020 1686 autem
1065 1642 1142 1686 se
1182 1639 1291 1686 res
1341 1622 1573 1687 habuit
1615 1622 1681 1684 in
1720 1622 1995 1699 ratione,
2026 1641 2165 1705 qua
2190 1641 2297 1686 res
2342 1627 2411 1686 et
2440 1624 2781 1686 sententias

579 1724 928 1807 poetarum
983 1743 1163 1789 more
1217 1727 1486 1808 possint
1525 1723 1765 1802 efferri,
1817 1745 1939 1788 seu
1994 1727 2065 1788 in
2107 1723 2373 1788 dicendi
2414 1743 2658 1806 genere
2712 1731 2784 1788 et

581 1830 810 1888 omatu
853 1825 1076 1908 poetis
1125 1828 1420 1909 proprie,
1475 1845 1627 1890 cum
1674 1827 1820 1909 ipse
1851 1845 2083 1904 sermo,
2112 1847 2311 1909 quem
2340 1827 2783 1909 antiquissimi

583 1925 1037 1991 Romanorum
1084 1927 1306 2012 poetae
1357 1929 1812 2005 adhibuerant,
1862 1928 2275 2011 posterisque
2334 1928 2785 2010 adoptandum

579 2027 995 2110 reliquerant,
1037 2049 1128 2092 ex
1159 2029 1403 2094 Graeco
1431 2029 1611 2093 fonte
1640 2029 1929 2107 fluxerit,
1980 2033 2048 2092 et
2092 2033 2443 2112 propterea
2484 2028 2784 2093 imitandi

583 2129 1012 2208 consuetudo,
1105 2132 1518 2213 antiquitatis
1606 2130 1998 2194 auctori-tate
2071 2130 2546 2208 commendata,
2602 2129 2785 2214 apud

583 2227 930 2295 Romanos
971 2233 1381 2297 inveteravit.
1470 2230 1580 2295 Ad
1628 2252 1777 2296 eam
1826 2233 2021 2316 igitur
2066 2232 2277 2314 partis
2318 2231 2663 2324 rlretoricae
2693 2232 2785 2294 sia

577 2331 1043 2411 militudinem,
1093 2353 1252 2417 quae
1311 2335 1394 2398 de
1445 2335 1893 2400 enuntiatione
1950 2335 2107 2415 agit,
2166 2335 2503 2398 acutiores
2568 2334 2783 2416 magis

580 2451 782 2518 quam
809 2434 1282 2517 ingeniosiores
1329 2441 1534 2500 totam
1565 2437 1885 2500 sermonis
1906 2433 2163 2518 poetici
2192 2436 2528 2510 rationem,
2558 2451 2785 2497 omnes

580 2540 834 2617 tropoS,
879 2537 1144 2617 figurae,
1175 2537 1494 2620 imagines
1531 2537 1622 2601 ad
1671 2545 1849 2602 certa
1902 2557 2137 2620 genera
2180 2541 2247 2600 et
2294 2536 2549 2600 classes
2595 2555 2785 2602 revo-

579 2655 734 2700 care
765 2644 1136 2720 coeperunt,
1168 2643 1245 2702 ut
1267 2644 1474 2702 totum
1506 2644 1898 2724 apparatum
1930 2637 2267 2722 poeticum
2292 2637 2573 2703 scientia
2598 2657 2787 2701 com-

578 2735 786 2820 plecti
815 2743 1020 2820 atque
1049 2740 1120 2802 in
1149 2743 1413 2823 promtu
1441 2740 1686 2804 habere
1738 2735 2197 2822 unusquisque
2238 2746 2471 2822 posset
2504 2739 2591 2802 ad
2640 2759 2787 2802 sen-

579 2838 822 2902 tentias
851 2859 1306 2923 quascumque
1352 2837 1633 2922 poetica
1680 2846 1865 2903 veste
1910 2839 2302 2902 induendas.
2390 2837 2499 2902 Ita
2546 2858 2624 2902 se
2682 2835 2787 2902 res

576 2939 865 3005 habebat
894 2943 1022 3006 sub
1054 2942 1414 3006 serioribus
1458 2941 2002 3024 ImperatoribuS,
2048 2942 2187 3018 ubi,
2235 2946 2309 3004 ut
2340 2945 2785 3018 monumenta,

581 3059 736 3124 quae
784 3047 1046 3107 ae'tatem
1093 3063 1181 3107 ex
1219 3044 1338 3108 illo
1387 3063 1538 3110 aevo
1569 3043 1799 3119 tulere,
1840 3043 2010 3107 satis
2038 3041 2299 3106 abunde
2324 3048 2668 3121 testantur,
2696 3059 2785 3106 ex

576 3143 1010 3208 laceratorum
1056 3149 1126 3210 et
1152 3147 1705 3210 comminutorum
1736 3145 2093 3209 carminum
2122 3144 2269 3228 ejus
2299 3148 2539 3224 aetatis,
2584 3165 2785 3230 quam

577 3251 822 3310 vocant
842 3263 1137 3325 auream,
1187 3247 1570 3330 fragmentis
1622 3248 1786 3312 satis
1836 3245 2119 3310 ridicule
2150 3245 2480 3310 interdum
2520 3249 2783 3325 comtiS,

575 3365 756 3412 nova
781 3349 1072 3412 carmina
1103 3351 1689 3432 componebantur,
1714 3369 1833 3413 seu
1858 3349 2087 3432 potius
2119 3347 2463 3410 Musarum
2478 3347 2785 3415 ludibria.

578 3445 690 3511 Ex
738 3449 982 3532 quibus
1031 3470 1139 3527 ea,
1195 3469 1348 3532 quae
1389 3451 1645 3534 optima
1678 3457 1851 3529 sunt,
1901 3455 2241 3512 externam
2267 3454 2519 3512 tautum
2546 3449 2786 3512 carmi-⁴

576 3565 734 3614 num
763 3551 1058 3633 speciem
1107 3550 1475 3630 induerunt,
1533 3569 1895 3634 eorumque
1944 3555 2253 3615 auctores
2291 3550 2363 3613 id
2400 3549 2603 3614 modo
2626 3567 2787 3615 con-

578 3650 792 3714 secuti
818 3655 992 3727 sunt,
1033 3653 1110 3713 ut
1151 3651 1374 3714 verbis
1403 3651 1791 3716 sonantibus
1818 3667 2223 3731 numeroque
2249 3654 2317 3713 et
2342 3649 2786 3711 concinnitate

577 3768 887 3816 versuum
917 3752 1186 3813 auribus
1213 3752 1599 3830 colligerent
1644 3769 1862 3827 escas,
1914 3767 2197 3830 quarum
2226 3749 2535 3830 voluptas
2564 3753 2789 3812 tamen
2822 3825 2829 3830 ,

577 3851 816 3916 mentis
875 3848 1150 3914 fastidio
1195 3851 1304 3914 vel
1361 3849 1683 3912 minuitur
1726 3848 1836 3912 vel
1887 3848 2161 3912 tollitur.
2252 3847 2333 3912 In
2383 3842 2581 3913 >omni
2606 3845 2785 3912 enim

575 3951 888 4028 carmine,
936 3951 1118 4035 quod
1163 3969 1293 4014 non
1339 3951 1593 4031 impetu
1640 3948 1933 4032 quodam
1972 3955 2040 4013 et
2090 3949 2325 4013 ardore
2370 3949 2608 4014 mentis
2656 3965 2785 4024 seu

577 4053 1122 4134 contemplatione
1152 4069 1271 4115 seu
1302 4051 1705 4133 cogitatione
1732 4049 2021 4134 alicujus
2036 4053 2129 4114 rei
2156 4055 2509 4115 commotae
2536 4049 2781 4128 fusum,

581 4151 702 4216 sed
731 4151 976 4232 frigida
1006 4159 1504 4236 praeceptorum
1551 4153 2021 4216 observatione
2056 4156 2406 4216 consutum
2448 4156 2575 4229 est,
2602 4151 2785 4216 nulla

580 4253 814 4344 vivida
841 4253 948 4326 vis
995 4271 1114 4318 seu
1157 4252 1388 4320 divina
1427 4253 1742 4343 quaedam
1790 4270 1955 4322 aura
2000 4249 2286 4318 lectores
2336 4255 2405 4316 et
2448 4251 2780 4318 auditores
