3184 4967
559 373 650 442 10
1267 445 1278 456 ,
1380 391 1941 444 ειτοικαοκιικΛ
2034 407 2073 448 ,ι

565 531 894 610 Nostrum
914 531 1120 600 fuisse
1149 554 1238 599 ex
1267 535 1669 600 carminibus
1702 535 1969 603 Graecis
1996 535 2339 621 disputare
2360 536 2559 617 v'elle,
2604 543 2771 625 quai*

563 637 690 700 sub
719 637 863 720 ejus
892 636 1157 700 nomine
1187 636 1749 715 circumferuntur,
1779 638 1945 703 nihil
1976 639 2157 706 aliud
2170 646 2307 724 est,
2350 645 2555 722 quam
2576 642 2767 707 litem·

561 737 674 800 lite
721 738 1125 816 dissolvere;
1171 738 1356 820 prius
1400 740 1576 802 enim
1624 745 1730 801 est
1780 739 2215 822 probandum,
2260 741 2439 824 quod
2488 743 2761 824 probari

561 840 813 922 nequit,
858 840 973 903 illa
1015 841 1280 920 ingenio
1328 838 1680 905 Claudiani
1727 840 1975 906 deberi.
2078 839 2233 904 ‘Sed
2254 841 2439 906 -satis
2476 842 2621 925 jam
2676 842 2759 907 de

565 940 704 1004 vita
731 939 1087 1005 Claudiani
1117 942 1528 1024 disputatum
1557 949 1702 1008 est:
1749 943 2097 1019 videamus
2125 961 2324 1021 nunc,
2354 944 2540 1026 quali
2568 943 2769 1008 suerit

563 1042 853 1124 ingenio,
922 1062 1206 1127 quaeque
1265 1043 1601 1108 scribendi
1654 1046 1799 1128 ejus
1856 1045 2081 1121 ratio,·
2116 1045 2358 1128 quibus
2394 1044 2767 1110 .virtutibus

560 1141 682 1206 ina
708 1142 1112 1221 inclaruerit,
1157 1163 1311 1228 quae
1341 1145 1504 1210 vitia
1533 1145 1827 1210 notanda
1853 1145 2221 1210 videantur.

585 1309 598 1320 ,
654 1242 1038 1310 Tenendum
1067 1250 1172 1309 est
1211 1247 1432 1328 igitur,
1479 1245 1923 1312 Claudianum
1969 1247 2176 1312 fuisse
2204 1245 2766 1327 Alexandrinum,

567 1345 640 1410 in
665 1364 748 1410 ea
773 1349 935 1412 urbe
977 1354 1246 1426 natum,
1274 1348 1344 1411 in
1373 1367 1510 1431 qua
1535 1351 1740 1413 etiam
1789 1350 1926 1413 illis
1967 1351 2387 1432 temporibus
2431 1351 2769 1415 literarum

570 1448 795 1514 studia
821 1450 1161 1530 vigebant,
1191 1450 1431 1532 quibus
1479 1452 1603 1514 sub
1653 1450 2045 1520 Ptolemaeis
2094 1469 2215 1533 per
2262 1470 2519 1527 omnem
2568 1457 2769 1516 terra-

569 1569 716 1612 rum
745 1551 969 1614 orbem
981 1551 1240 1630 ‚nobilis
1266 1557 1409 1614 erat
1437 1556 1503 1615 et
1527 1551 1739 1616 clara:
1804 1551 1911 1615 Ibi
1950 1551 2197 1616 scholae
2228 1555 2771 1636 geographorum,

569 1651 1204 1730 mathematicorum,
1231 1658 1809 1732 astronomorum,
1840 1673 1959 1718 seu
2009 1656 2235 1737 potius
2264 1656 2771 1736 astrologorum,

570 1754 1237 1838 philosophorumque
1278 1754 1597 1824 discendi:
1612 1755 2091 1838 cupidiserant
2138 1763 2429 1839 apertae3
2479 1759 2615 1840 qui,
2642 1757 2774 1821 nisi

573 1854 839 1920 omnino
893 1859 1162 1926 naturae.
1188 1862 1255 1920 et
1301 1857 1543 1939 ingenii
1590 1857 1859 1922 dotibus
1888 1857 2212 1928 ,destituti
2269 1865 2511 1936 essent,
2567 1859 2775 1950 variis

574 1957 894 2028 doctrinis
940 1964 1006 2023 et
1057 1961 1407 2044 multiplici
1453 1981 1673 2027 rerum
1722 1961 2094 2043 cognitione
2128 1961 2440 2046 ‚animum
2470 1966 2776 2044 poterant

572 2060 1008 2143 locupletare.
1099 2063 1237 2156 Diu
1281 2067 1501 2156 autem
1544 2063 1688 2145 jam
1720 2067 2248 2150 anteperversus
2278 2062 2399 2126 ille·
2419 2081 2564 2137 mos
2594 2061 2777 2146 apud

577 2163 952 2227 scholarum
997 2163 1351 2246 magistros
1387 2165 1820 2255 'reliquosque
1861 2165 2163 2232 homines
2192 2165 2433 2228 doctos
2473 2164 2775 2240 invaluit,

575 2271 652 2331 ut
676 2267 984 2334 omnibus
1028 2267 1272 2331 studiis
1309 2287 1352 2331 a
1378 2285 1597 2335 rerum
1629 2272 1783 2332 actu
1812 2272 1891 2332 et
1918 2285 2075 2332 vera
2101 2267 2243 2330 vita
2268 2266 2355 2330 ad
2383 2266 2683 2331 umbram
2713 2270 2780 2330 et

579 2367 786 2431 otium
825 2369 1181 2447 revocatis,
1243 2369 1441 2458 finem
1493 2369 1827 2452 scribendi
1875 2374 1941 2434 et
1988 2368 2222 2432 orandi
2270 2368 2779 2432 delectafionem

579 2468 794 2532 solam
841 2475 1226 2549 statuerent,
1273 2471 1586 2553 illamque
1626 2490 1757 2536 non
1804 2472 1875 2536 in
1920 2470 2241 2552 gravitate
2268 2487 2483 2534 rerum
2510 2473 2577 2531 et
2604 2467 2781 2532 utili-

577 2575 737 2650 tate,
789 2573 911 2636 sed
957 2575 1028 2636 in
1080 2573 1412 2656 figmentis
1456 2579 1524 2637 et
1571 2574 2002 2638 exornatione
2049 2572 2335 2636 oratoria
2361 2570 2787 2635 collocarent.-

547 2670 912 2738 ‚Praeterea
957 2675 1226 2758 vigebat
1265 2676 1336 2739 in
1399 2675 1518 2740 illa
1563 2675 1729 2739 urbe
1774 2674 2350 2756 grammaticorum
2402 2671 2781 2748 multitudo,

581 2774 994 2857 quippei-am
1035 2793 1224 2838 suam
1253 2777 1320 2838 in
1347 2775 1595 2840 fabulis
1624 2775 1951 2844 subtiliter
1976 2772 2401 2857 explicandis
2427 2772 2785 2855 ponebant,

583 2875 702 2958 qui
742 2876 948 2940 multa
973 2879 1268 2942 veterum
1297 2877 1584 2941 lectione
1614 2880 1800 2940 erant
1842 2876 2101 2952 imbuti,
2133 2873 2606 2956 ingeniumque
2636 2873 2783 2938 illa-

581 2993 728 3042 rum
759 2997 974 3042 rerum
1013 2978 1566 3060 pervestigatione
1606 2982 1941 3044 acuerant.
2030 2975 2161 3044 Ex:
2187 2975 2293 3039 his
2342 2974 2539 3040 facile
2566 2979 2795 3057 potest·

581 3079 835 3161 colligi,
866 3081 1084 3164 qualis
1129 3080 1322 3146 fuerit
1349 3080 1699 3163 poetarum
1740 3079 2031 3144 habituS.
2122 3076 2399 3158 Ingenia
2425 3077 2698 3141 exculta
2720 3081 2789 3140 et

584 3181 920 3262 elegantia
969 3201 1108 3246 non
1150 3173 1466 3261 deerant3
1525 3182 1649 3247 sed
1702 3200 1933 3251 omnes
1987 3181 2122 3244 fere
2180 3177 2598 3255 inventionis,
2630 3197 2796 3260 quae·

586 3299 844 3346 summa
898 3282 1197 3367 poetices
1245 3288 1374 3362 est,
1423 3284 1625 3349 laude
1672 3285 2007 3360 carebant,
2067 3281 2312 3364 illaque
2364 3280 2789 3364 simplicitate

575 3401 740 3448 -cum
782 3384 1186 3450 sublimitate
1227 3385 1610 3469 conjuncta,
1645 3405 1850 3468 quam
1894 3388 2239 3464 tantopere
2288 3379 2360 3444 in
2404 3379 2789 3464 antiquiori-

585 3483 716 3548 bus
743 3485 1164 3563 admiramur,
1195 3495 1381 3552 erant
1409 3488 1731 3552 destituti.
1823 3485 2055 3550 Oratio
2084 3503 2311 3549 eorum
2358 3487 2425 3546 et
2466 3481 2683 3548 nitida
2724 3486 2793 3547 et

589 3589 1174 3669 tersabpalaestram
1221 3595 1290 3655 et
1331 3591 1552 3664 oleum
1598 3589 1943 3672 sapiebat;
1996 3604 2275 3667 eamque
2330 3583 2789 3648 commendare

589 3685 890 3749 solebant
935 3688 1529 3767 ingenti-doctrinae
1578 3687 1800 3768 copia,
1844 3704 2085 3769 magno
2132 3683 2503 3766 mythorum
2548 3688 2635 3746 et·
2654 3682 2793 3746 his-

590 3785 781 3852 toriae
813 3787 1107 3867 antiquae
1157 3788 1406 3864 studia,
1438 3794 1505 3850 et
1535 3788 1821 3850 numeris
1854 3805 2155 3850 versuum
2184 3785 2477 3848 maxime
2504 3781 2805 3862 exactis,-

592 3886 990 3968 omninoque
1055 3887 1368 3949 naturali·
1409 3893 1755 3950 venustate
1826 3885 2171 3970 repudiata
2242 3885 2403 3948 artis
2462 3886 2793 3952 illecebris

585 3985 857 4068 placere
897 3987 1278 4068 cupiebant.
1369 3986 1450 4049 In
1476 3988 1606 4050 hac
1635 3987 1971 4051 communi
2010 3987 2361 4070 poetarum
2394 3984 2795 4050 Alexandri-

585 4103 826 4154 norum
877 4086 1160 4168 imagine
1207 4107 1252 4151 a
1287 4088 1481 4152 nobis
1511 4088 1907 4152 adumbrata
1934 4089 2149 4171 prima
2176 4087 2373 4170 quasi
2400 4087 2796 4155 lineamenta

583 4184 730 4275 jam
773 4185 986 4252 ducta
1024 4193 1202 4269 sunt,
1264 4209 1354 4254 ex
1403 4191 1653 4274 quibus
1700 4188 2055 4256 Claudiani
2110 4187 2445 4271 ingenium
2500 4187 2793 4252 scriben-
