3184 4967
591 389 686 460 ω
1451 401 1929 454 *ammonui
2000 409 2011 418 ·

461 568 466 578 ’
550 560 571 577 ·
591 554 839 635 praeter
873 547 1134 631 ingenii
1149 553 1615 626 monumenta,
1644 567 1801 640 qum
1831 544 1919 611 de
1970 565 2045 611 se
2084 545 2487 632 praeffiea'nt,
2532 546 2625 614 in.
2640 548 2787 612 vita

596 658 826 718 tantus
847 651 994 729 fuit,
1019 659 1102 716 ut
1129 650 1428 716 Arcadio
1459 651 1903 733 Honorioque
1940 655 2187 732 gratus,
2216 649 2655 733 amplissimis
2696 653 2787 716 ab

591 759 878 836 utroque
903 752 1286 818 muneribus
1311 753 1773 818 honestantur
1798 760 1866 816 et
1892 751 2162 829 statua:
2188 754 2311 816 διο.

984 915 1152 985 Piso
1179 923 1250 982 et
1277 917 1484 982 Picus
1513 936 1678 1005 puer
1703 916 2307 1006 apud⁶Gyraldum.

687 1056 710 1088 ‘
742 1049 955 1118 Istius
995 1071 1120 1136 ego
1164 1038 1404 1121 Poetae
1435 1072 1476 1116 a
1505 1052 1742 1136 primis
1768 1071 1983 1135 usque
2030 1053 2227 1118 annis
2272 1053 2619 1120 studiosus
2644 1053 2785 1118 fuit

589 1152 750 1237 ejus
779 1153 957 1234 enim
983 1155 1142 1218 mihi
1173 1171 1439 1220 carmen
1466 1157 1601 1218 non
1632 1165 1945 1222 sonorum
1972 1153 2175 1219 modo
2228 1163 2301 1220 et
2344 1157 2639 1238 elegans,
2670 1154 2790 1219 sed

597 1255 1014 1438 313013313
1028 1274 1304 1382 ,semper
1324 1257 1546 1322 visum
1590 1263 1733 1334 est:
1778 1256 1957 1320 idem
1984 1256 2210 1322 dicere
2238 1255 2409 1323 velle
2432 1256 2787 1322 videbatur

749 1505 1136 1590 Stephanus
1167 1505 1516 1572 Claverius
1547 1507 1617 1572 in
1646 1505 1849 1588 Praef.
1878 1506 1966 1570 ad
1997 1504 2353 1571 Claudiani
2382 1505 2629 1571 Annot.

690 1639 1104 1706 Claudianus
1135 1640 1373 1720 Poeta,
1404 1646 1425 1675 ‘
1451 1643 1565 1726 qui
1616 1661 1751 1706 non
1802 1642 2041 1726 injuria
2086 1643 2445 1722 maximus,
2476 1642 2677 1718 altuS,
2724 1647 2792 1707 et

600 1741 941 1810 animosus
971 1739 1238 1818 audiat.
1257 1789 1272 1805 .
1292 1792 1308 1808 .
1326 1743 1602 1821 ‚Po‘eta,
1633 1765 1825 1828 quem
1872 1745 1941 1810 in
1990 1743 2239 1840 osculis
2264 1744 2555 1810 habebat
2580 1744 2629 1808 J
2632 1761 2792 1810 aco·

598 1841 730 1906 bus
757 1843 870 1908 ille
898 1843 1022 1928 Cuj
1031 1843 1238 1910 acius*
1266 1845 1312 1909 J
1315 1847 1887 1914 ureconsultorum
1916 1845 2171 1928 aquila.

793 2009 842 2073 J
847 2017 1036 2078 ustus
1063 2009 1362 2094 Lipsius,
1395 2011 1501 2078 De
1531 2009 1991 2096 Magnitudines
2014 2009 2353 2089 Romana,
2378 2010 2425 2074 l.
2456 2028 2503 2076 1.
2530 2011 2597 2075 2.

690 2147 712 2178 ‘
735 2142 974 2208 Habes
1001 2145 1322 2227 pleraque
1349 2143 1655 2208 versibus
1696 2144 1784 2212 iis
1824 2146 1911 2209 ab
1956 2145 2093 2209 alto
2138 2150 2204 2209 et
2250 2143 2548 2208 animoso
2573 2141 2793 2208 'Poeta

597 2244 788 2330 (talis
816 2244 1415 2331 fuitclaudianus)
1432 2245 1725 2314 inserta!
2084 2271 2091 2276 ·

857 2409 905 2474 J
910 2431 1157 2478 oannes
1187 2371 1584 2498 Boreholten
1619 2418 1690 2476 et
1718 2409 2007 2480 Vinnius
2036 2409 2082 2476 J
2086 2411 2535 2476 urisconsulti.

692 2549 715 2580 ‘
745 2545 904 2609 Huc
935 2548 1269 2628 pertinent
1297 2546 1780 2630 elegantissimi
1808 2553 1876 2610 et
1904 2547 2323 2631 antiquitatis
2353 2546 2535 2630 pleni
2556 2531 2793 2610 versus

605 2643 960 2713 Claudiani
1009 2649 1076 2712 in
1127 2657 1363 2733 quarto
1395 2648 1770 2714 Consulatu
1822 2647 2136 2726 Honorii,
2165 2644 2423 2731 Aspice
2465 2665 2633 2710 mox
2677 2647 2795 2714 lae-

603 2749 790 2829 tum,’
815 2753 938 2814 διο.
1028 2751 1164 2816 Sed
1206 2754 1384 2818 idem
1407 2751 1817 2817 Borcholten
1854 2750 2031 2818 male
2063 2751 2295 2816 tribuit
2319 2747 2625 2814 Ausonio
2666 2748 2794 2812 hoc

605 2849 1015 2930 Distichum,
1048 2857 1068 2886 ‘
1100 2853 1416 2937 Direptas
1446 2855 1610 2937 quid
1640 2854 1899 2938 plangis
1929 2851 2142 2938 opeS,'
2171 2855 2295 2918 Sto.
2384 2850 2566 2916 Nam
2595 2849 2795 2914 Clau-

607 2952 788 3018 diani
817 2957 1034 3019 nostri
1064 2959 1186 3034 est,
1207 2957 1340 3033 cui,
1370 2976 1458 3019 ex
1475 2955 1723 3020 Vinnio
1745 2954 1791 3018 J
1796 2956 2176 3040 urisperitO,
2207 2951 2393 3036 lepidi
2398 2952 2538 3038 joci
2560 2952 2630 3016 in
2660 2951 2797 3016 Eu-

607 3057 898 3137 tropium
925 3058 1276 3126 materiam
1297 3057 1517 3123 tribuit
1545 3059 1843 3142 parentis
1887 3057 2281 3144 appellatio.

1021 3221 1244 3287 Julius
1267 3179 1500 3289 Caesar
1519 3225 1840 3306 Scaliger,
1871 3222 2068 3288 Poet.
2112 3221 2160 3287 l.
2188 3239 2287 3288 v1.
2316 3224 2382 3287 5.

697 3360 719 3391 ‘
753 3351 1096 3421 Maximus
1143 3356 1362 3422 Poeta
1422 3356 1864 3434 Claudianus,
1909 3358 2051 3424 solo
2098 3363 2487 3439 argumento
2540 3351 2798 3440 ignobi·

605 3457 770 3523 liore
821 3476 1214 3541 oppressuS,
1259 3458 1441 3522 addit
1470 3459 1553 3521 de
1581 3458 1868 3540 ingenio,
1900 3452 2217 3540 quantum
2249 3458 2439 3522 deest
2480 3458 2794 3522 materiae.

607 3559 860 3624 Felix
837 3579 906 3631 in
933 3579 1015 3628 eo
1043 3560 1246 3638 calor,
1270 3561 1492 3626 cultus
1521 3579 1652 3624 non
1683 3558 1963 3644 invisus,
1994 3565 2428 3644 temperatum
2445 3559 2795 3643 judicium,

609 3659 816 3728 dictio
846 3658 1154 3738 candida,
1177 3663 1427 3725 numeri
1455 3680 1584 3728 non
1618 3660 1935 3748 affectati,
1983 3665 2175 3726 acute
2203 3661 2384 3726 dicta
2412 3661 2623 3725 multa
2652 3659 2797 3724 sine

610 3761 1032 3827 ambitione..
1048 3761 1288 3826 ..Libri
1320 3763 1402 3825 de
1424 3759 1657 3844 Raptu
1678 3759 2093 3846 Proserpinae
2120 3767 2270 3826 sunt
2290 3759 2580 3838 candidi,
2609 3745 2797 3837 culti,

609 3863 792 3941 tersi,
823 3861 1194 3927 numerosi!

1465 3985 1680 4064 Idem,
1710 3987 1757 4052 l.
1788 4003 1859 4052 v·
1882 3988 1949 4053 6.

694 4119 884 4186 Idem
924 4121 1022 4186 ait
1068 4120 1378 4205 quaedam
1407 4119 1761 4186 Claudiani
1812 4122 2112 4187 carmina
2137 4126 2158 4155 ‘
2190 4121 2601 4206 speciosiora
2646 4144 2825 4220 esse,

611 4241 814 4312 quam
843 4221 1210 4288 ovidiana.
1228 4269 1244 4288 .
1261 4222 1586 4289 ..Cereris
1634 4239 1895 4288 currum
1940 4230 2073 4290 tam
2120 4223 2550 4304 Claudianus,
2594 4245 2797 4308 quam
