3184 4967
566 447 670 537 84‘
697 483 715 498 -·
1371 453 1773 513 Pnonne'ou
1787 462 1939 515 ENA.

565 614 880 708 miseram
922 610 1114 676 illam
1161 613 1228 676 et
1284 612 1566 676 comites
1618 612 1907 690 falleret,
1956 611 2075 674 sed
2103 611 2367 689 frustra,
2398 612 2769 680 reticentur

565 702 739 790 haec,
769 723 838 778 et
863 715 1120 778 ruboris
1143 715 1576 797 descriptioni
1606 713 1737 779 hoc
1765 718 2020 778 tantum
2050 714 2453 798 adjungitur·
2494 719 2773 779 noctem

566 818 856 882 venisse.
947 816 1119 894 Quae
1149 817 1278 882 hoc
1331 817 1485 881 loco
1543 815 1907 894 desidereS,
1966 815 2135 880 infra
2187 814 2518 899 (111.20'7.
2552 812 2773 899 sqq..)

566 919 834 982 Electra
861 939 946 981 ex
980 927 1174 1001 parte
1219 924 1456 984 narrat.
1547 917 1792 982 Contra
1835 917 2204 994 miraberiS,
2238 916 2609 994 Plutonem,
2640 917 2772 1002 qui

568 1019 651 1084 de
679 1021 724 1082 J
729 1024 876 1084 ovis
907 1022 1191 1084 consilio
1221 1022 1511 1085 nondum
1543 1026 1685 1084 erat
1732 1019 2042 1096 edoctus,
2094 1007 2213 1082 nec
2270 1021 2551 1096 sciebat,
2598 1013 2774 1082 Pro-²

567 1125 906 1204 sei-pinam
933 1123 1066 1185 sibi
1098 1123 1524 1196 destinatam,
1555 1141 1679 1185 nec
1710 1122 1825 1184 ubi
1866 1121 2160 1202 gentium
2208 1119 2327 1184 illa
2372 1113 2760 1198 moraretur,

565 1224 995 1288 nihilominus
1029 1233 1247 1288 tamen
1277 1228 1394 1288 iter
1423 1226 1510 1288 ad
1559 1227 1837 1306 superos
1868 1242 2129 1306 parare,
2178 1241 2521 1306 equosque
2572 1241 2764 1287 curru

560 1325 835 1409 junctos
853 1329 996 1410 jam
1021 1333 1300 1409 paratos
1332 1334 1486 1390 ante
1505 1326 1693 1390 -fores
1722 1326 1989 1390 habere.

656 1430 967 1514 Sequitur
1019 1433 1186 1495 liber
1247 1432 1608 1496 secundus,
1701 1431 1884 1494 Luce
1938 1428 2227 1492 nondum
2286 1433 2429 1492 orta
2489 1426 2769 1492 Proser-

566 1533 729 1614 pina
785 1551 936 1594 cum
997 1531 1254 1596 deabus
1317 1531 1628 1594 Hennam
1699 1533 1867 1612 petit
1935 1531 2277 1594 monstris¹
2318 1523 2779 1613 nequicquam.

568 1634 822 1696 monita
847 1634 937 1708 (v.
971 1631 1263 1714 1—10.).
1358 1633 1641 1696 Frustra
1670 1633 1943 1716 quaeriS,
1969 1652 2105 1714 qua
2130 1651 2199 1695 re
2228 1632 2315 1696 sit
2345 1633 2656 1711 adducta,
2690 1638 2765 1696 ut

568 1735 800 1798 matris
873 1725 1212 1817 praecepta
1283 1737 1657 1816 negligeret.
1748 1735 1905 1812 Quo
1978 1735 2374 1800 divinationi
2442 1725 2767 1798 lectorum

566 1835 828 1912 relicto,
883 1837 955 1898 in
1012 1837 1219 1915 cultu,
1275 1857 1408 1921 quo
1469 1837 1873 1920 Proserpina
1916 1843 1985 1900 et
2032 1836 2179 1900 deae
2207 1836 2451 1901 suerint
2482 1827 2771 1914 ornatae,

569 1936 1006 2002 describendo
1057 1959 1191 2002 non
1242 1941 1588 2003 invenuste
1622 1938 2038 2002 Claudianus
2090 1945 2467 2020 occupatus
2508 1937 2635 2002 fuit
2660 1937 2768 2022 (vt

567 2037 902 2120 11-54.).
948 2041 1277 2105 Euntibus
1307 2042 1574 2106 additur
1602 2041 2068 2124 Nympharum
2098 2050 2357 2120 agmen,
2388 2041 2563 2102 inter
2589 2049 2759 2122 quas

571 2139 800 2225 Cyane
857 2144 1104 2207 eminet
1171 2142 1270 2227 (v.
1326 2139 1663 2224 55—70.).
1755 2141 2027 2220 Henna,
2086 2161 2237 2206 cum
2292 2141 2575 2206 'vidisset
2606 2133 2765 2205 illas

570 2243 1032 2323 adventanteS,
1065 2243 1446 2326 Zephyrum
1476 2250 1691 2325 rogat,
1724 2250 1798 2308 ut
1826 2243 2085 2318 uallem,
2115 2263 2233 2327 per
2262 2264 2333 2306 se
2368 2243 2512 2326 jam
2556 2262 2771 2308 amoc-¹

567 2363 746 2420 nam,
807 2345 1178 2421 arboribuS,
1241 2345 1484 2422 herbis,
1539 2345 1817 2410 floribus
1872 2352 2150 2410 exornet
2208 2339 2763 2428 exquisitissimis

567 2441 669 2528 (v.
693 2445 1072 2530 714-117.)
1117 2447 1303 2536 Satis
1332 2448 1500 2510 bene
1528 2446 1947 2510 hunclocum
1979 2447 2290 2511 tractavit
2320 2445 2771 2524 ClaudianuS,‘

571 2545 701 2614 sed‘
720 2547 1003 2628 singulis
1048 2569 1136 2612 ex
1166 2549 1400 2614 saeculi
1429 2549 1697 2632 ingenio
1722 2549 1920 2611 nimis
1962 2567 2245 2630 operose
2275 2547 2771 2631 persequendis

569 2647 1071 2739 simplicitatem
1123 2651 1440 2732 neglexit.
1530 2651 1711 2716 Dum
1768 2651 2065 2730 virgines·
2101 2651 2171 2713 in
2212 2650 2491 2714 floribus
2541 2652 2771 2731 legenf-

569 2747 674 2812 dis
705 2754 862 2813 sunt
889 2759 1239 2834 occupatae
1280 2751 1380 2836 (V.
1413 2752 1833 2830 118—150.),
1860 2753 2083 2816 subito
2127 2751 2389 2832 fragore
2421 2757 2763 2818 terrentur.

569 2848 770 2913 Pluto
801 2869 1065 2932 nempe,
1119 2851 1314 2934 cujus
1367 2873 1603 2916 currus
1652 2855 1907 2942 misero·
1947 2852 2308 2930 Encelado,
2362 2854 2482 2917 vix
2534 2849 2767 2916 AEtnae'

567 2953 814 3015 molem
843 2954 1221 3032 sustinenti,
1241 2955 1410 3018 altos
1441 2956 1665 3018 sulcos
1695 2954 2011 3036 imprimit
2038 2954 2263 3038 (quale
2280 2953 2760 3037 phantasmal),

569 3052 820 3118 exitum
871 3073 1026 3119 cum
1082 3056 1321 3138 quaerit
1374 3075 1500 3118 nec
1568 3056 1846 3133 invenit,
1899 3056 2137 3119 trabali
2195 3063 2491 3140 sceptro·
2523 3061 2765 3120 terram

567 3153 744 3230 ferit,
807 3155 1164 3238 omniaque
1224 3157 1409 3240 gravi
1463 3161 1649 3221 motu
1700 3159 2169 3222 concutiuntur
2196 3160 2288 3235 (v.
2344 3157 2707 3224 151-185,
2714 3154 2775 3240 ).“·

567 3253 812 3318 Terror
868 3261 1156 3339 occupat
1212 3278 1456 3340 supera
1501 3255 2061 3344 (v.186-192..)
2127 3259 2321 3344 Equi
2369 3260 2658 3341 primum
2692 3257 2773 3323 in‘.

569 3357 708 3420 sole
753 3358 1063 3440 caligant,
1119 3379 1281 3424 mox
1325 3360 1495 3424 lucis
1543 3362 1874 3444 patientes
1926 3367 1995 3425 et
2049 3361 2320 3433 verbere
2348 3353 2611 3426 incitati
2640 3361 2767 3425 iter

569 3457 866 3522 celeriter
916 3459 1270 3541 perficiunt
1295 3460 1394 3547 (v.
1423 3461 1838 3541 loz—2030.
1928 3462 2333 3545 Proserpina
2377 3464 2447 3525 in
2498 3474 2769 3525 currum·

566 3568 765 3642 rapta
796 3559 1101 3626 Minerva
1129 3569 1200 3624 et
1229 3562 1454 3628 Diana
1502 3571 1841 3646 raptorem
1885 3561 2225 3640 invadunt,
2258 3563 2375 3626 issa
2410 3563 2765 3627 minaciter

569 3679 724 3724 eum
753 3663 1072 3745 increpat,
1097 3661 1368 3748 jamque
1419 3665 1705 3728 missura
1752 3667 1896 3728 erat
1950 3664 2233 3740 hastam,
2264 3664 2387 3727 sed
2412 3663 2689 3726 fulmine
2722 3665 2771 3728 a*
2816 3683 2818 3686 ⁴

571 3760 748 3827 Jove
807 3763 1014 3826 misso
1071 3763 1436 3828 deterretur
1490 3763 1588 3847 (v.
1618 3762 2045 3845 mur—2330.
2138 3755 2479 3843 Quidnam
2514 3763 2767 3830 Veneri·

571 3861 916 3941 acciderit,
966 3868 1183 3927 utrum
1241 3885 1394 3927 cum
1443 3855 1743 3946 reliquis
1766 3865 2121 3946 aufugerit,
2153 3885 2238 3928 an
2284 3870 2513 3947 partes
2544 3859 2763 3931 mutas

571 3964 802 4044 egerit,
834 3965 901 4027 in
930 3964 1134 4028 dubio
1165 3968 1268 4028 est
1299 3965 1618 4028 relictum.
1684 3961 1944 4042 Orati'0,
1976 3958 2111 4047 qua
2128 3965 2555 4046 Proserpinae
2584 3961 2767 4030 vale·-

571 4064 733 4128 dicit
755 4065 1088 4151 Minerva,
1120 4065 1379 4130 dolores
1412 4066 1617 4130 habet
1664 4065 1888 4130 -nullos
1940 4067 2063 4131 sed
2094 4067 2395 4130 'multum
2450 4067 2614 4130 artis
2662 4063 2767 4152 (v.³

571 4165 990 4246 234-246.)
1081 4169 1196 4233 Sic
1237 4189 1498 4252 quoque
1527 4170 1719 4236 docte
1773 4169 2123 4234 lamentari
2168 4169 2547 4251 vicemque*
2578 4187 2769 4232 suam·

571 4265 792 4350 lugere
849 4268 1253 4354 Proserpina
1298 4269 1534 4337 didicit
1559 4269 1659 4358 (v,
1688 4259 2109 4355 247—272.).
2196 4271 2502 4338 Tandem
2533 4264 2791 4350 Pluto,·'
