3184 4967
630 375 763 442 460
1300 391 1415 439 cr..
1462 393 1888 440 cunnum
1939 390 2165 443 xvm.

636 529 938 610 Pandite,
973 532 1359 611 PontificeS,
1392 534 1714 598 Cumanae
1745 535 2034 598 carmina
2057 536 2256 610 vatiS‚

636 631 1021 699 Fulmineos
1052 635 1263 700 solers
1290 636 1553 699 Etruria
1582 637 1894 700 consulat
1927 637 2136 716 igneS,

634 733 1159 819 Immersumque
1186 736 1379 800 nefas
1407 737 1587 800 fibris
1617 736 1922 818 exploret
1947 737 2305 819 haruspex.

634 833 809 912 Quae
841 857 1019 902 nova
1045 838 1443 921 portendunt
1470 839 1744 920 Superi!
1793 838 2082 902 Nilusne
2109 845 2334 902 meatu

633 937 914 1016 DeviuS,
945 945 1011 1002 et
1038 942 1247 1002 nostri
1278 945 1481 1012 tentat
1502 940 1646 1022 jam
1673 939 2012 1020 transfuga
2040 940 2267 1004 mundi
2672 979 2678 982 -
2739 939 2832 1002 16

632 1036 723 1101 Se
754 1040 953 1103 rubro
980 1041 1253 1112 miscere
1280 1043 1445 1106 mari
1469 1043 1497 1104 'l
1546 1047 1817 1124 ruptone
1845 1042 2162 1125 Niphate,

633 1137 925 1204 Rursum
955 1142 1322 1208 barbaricis
1352 1142 1587 1206 Oriens
1620 1144 1992 1209 vastabitur
2020 1145 2222 1206 armis
2243 1145 2273 1206 ‘l

630 1238 743 1304 An
768 1244 983 1306 morbi
1011 1250 1285 1310 ventura
1310 1245 1457 1308 lues
1474 1247 1503 1306 'l
1550 1263 1640 1308 an
1667 1245 1852 1308 nulla
1875 1245 2116 1308 colono

629 1416 780 1482 tifiees
797 1418 978 1478 aperite
1010 1433 1167 1467 versus
1202 1418 1398 1484 Sibylla·
1424 1421 1668 1480 Cantante,
1703 1419 1900 1468 Thuscia
1919 1435 2072 1482 sagax
2089 1419 2531 1483 consulat-flammas
2545 1415 2827 1476 sumtum·

548 1499 557 1508 ·
630 1485 677 1528 et
700 1480 759 1529 ha
874 1496 934 1530 ex
954 1487 1188 1530 scrutetur
1211 1487 1359 1532 scelus
1380 1485 1527 1532 latens
1558 1485 1610 1532 in
1643 1483 1909 1532 visceribus.
1979 1485 2098 1539 Quae
2132 1484 2223 1534 Dii
2252 1482 2545 1546 praesagiunt
2581 1487 2830 1544 portenta

628 1543 815 1593 insueta
828 1582 840 1595 .
916 1547 996 1594 An
1023 1546 1162 1594 Nilus
1176 1547 1399 1596 aberrans
1428 1548 1492 1597 ab
1510 1551 1659 1604 alveo,
1682 1553 1727 1596 et
1750 1545 1856 1606 jam
1874 1547 2078 1611 perfuga
2098 1550 2223 1597 orbis
2243 1547 2393 1596 nostri
2413 1550 2612 1594 conatur
2631 1543 2827 1604 confun-

630 1609 739 1656 dere
759 1623 808 1657 se
830 1624 945 1657 cum
976 1613 1098 1659 mari
1121 1609 1412 1673 Erytkroeo?
1476 1611 1555 1660 An
1590 1611 1800 1673 Niphate
1821 1612 2004 1672 fracto,
2047 1613 2216 1662 Oriens
2237 1615 2407 1660 iterum
2427 1611 2682 1672 diripietur
2697 1623 2830 1670 proe·

630 1671 711 1720 liis
730 1672 1031 1722 barbarorum
1044 1671 1069 1723 ,⁹
1120 1675 1200 1723 An
1221 1677 1439 1738 contagia
1454 1676 1603 1738 pestis
1615 1673 1866 1726 occident?
1919 1677 1999 1726 An
2021 1691 2188 1726 messes
2207 1676 2328 1726 nihil
2345 1675 2538 1724 reddent
2561 1672 2782 1735 agricolis
2801 1670 2830 1722 2

1552 1803 1900 1823 ΟΟΟΟΟΟΟΟΟΟ

630 1883 704 1930 ita
746 1883 1045 1933 con’ecerat
1088 1884 1482 1934 Heinsius.—ll
1544 1887 1760 1933 Cnmatoe
1799 1887 1921 1934 var.
1961 1887 2063 1934 LL.
2099 1884 2180 1933 ed.
2228 1882 2384 1932 Antv.
2444 1882 2652 1928 Cametoe
2687 1880 2825 1928 Exc.

628 1944 788 1996 wolf.
840 1961 989 1995 orsan
1014 1963 1106 2010 pro
1134 1950 1484 1996 Cumana—12
1522 1950 1722 1998 Etruria
1746 1951 1826 1996 vel
1865 1949 2089 1998 Etr-uscia
2105 1949 2228 1997 Vnt.
2253 1963 2332 2010 pr.
2387 1945 2514 2008 ignis
2552 1945 2825 1992 Bonum-—

631 2013 692 2058 13
730 2011 1091 2074 Immersumque
1114 2011 1255 2061 Med.
1291 2027 1370 2074 pr.
1397 2014 1519 2062 Put.
1546 2013 1689 2062 [aeid.
1725 2028 1897 2079 θρα-
1917 2015 2272 2074 Inmensumqne
2295 2017 2516 2075 quatuor
2538 2009 2686 2057 Vatt.
2708 2009 2828 2056 Pal.

628 2073 785 2122 Farn.
810 2075 972 2124 Oisel.
994 2077 1189 2125 Thunn.
1235 2077 1569 2138 Inmissumque
1590 2077 1738 2125 Rott.
1795 2079 2090 2139 Inmsumque
2123 2077 2265 2125 Pric.
2301 2077 2530 2124 Florent.
2570 2073 2715 2120 Med.
2739 2085 2824 2135 pr.

631 2137 685 2186 M
695 2146 825 2188 oret.
844 2153 923 2202 pr.
979 2140 1121 2202 spiris
1152 2141 1249 2189 inc.
1275 2141 1458 2188 Heius.
1506 2143 1723 2202 explorat
1745 2141 1931 2190 Petav.
1957 2156 2061 2190 sec.
2111 2142 2326 2203 imploret
2353 2141 2469 2187 Pat.
2493 2137 2670 2187 Ambr.
2697 2143 2827 2186 tert.

628 2202 851 2264 imploret
882 2203 965 2253 vel
1004 2206 1213 2266 exploret
1252 2205 1615 2252 Florent.—l4
1653 2205 1881 2258 Quaenam
1916 2205 2037 2255 Put.
2079 2221 2144 2254 m.
2173 2219 2249 2266 pr.
2301 2205 2584 2266 portendant
2605 2207 2828 2263 quatuor

630 2267 779 2314 Vatt.
804 2267 915 2316 Pul.
938 2269 1092 2315 Farn.
1118 2270 1257 2318 Prie.
1282 2267 1430 2316 Rott.
1454 2267 1620 2317 Oisel.
1639 2266 1758 2314 Par.
1784 2269 1963 2317 Ambr.
1993 2276 2116 2316 tert.
2139 2268 2311 2316 Vicet.
2331 2268 2504 2314 Parm.
2525 2265 2670 2314 Junt.
2694 2263 2825 2312 Ald.

630 2327 817 2392 Isingr.
840 2332 1003 2378 Colin.
1032 2330 1199 2394 Raph.
1228 2334 1512 2392 portendunt
1529 2332 1632 2393 leg.
1657 2331 1839 2380 Heius.
1877 2333 2072 2380 Nilusne
2094 2333 2217 2380 Pnt.
2243 2331 2413 2380 Oxou.
2439 2333 2646 2394 pr.—l5
2670 2329 2826 2376 nostri

628 2395 791 2440 mnndi
836 2395 954 2442 NB.
980 2395 1099 2457 quia
1122 2395 1433 2444 Claudianus
1456 2395 1751 2458 AEgyptius.
1786 2397 1893 2454 jam
1915 2399 2070 2444 tentat
2091 2396 2211 2444 Vnt.
2236 2396 2400 2459 quint.
2454 2398 2603 2442 tentet
2624 2394 2824 2441 Morem

630 2469 732 2504 sec.
758 2471 825 2505 m.
851 2472 929 2520 pr.
961 2459 1232 2518 teudatjam
1248 2458 1389 2506 Prie.
1422 2463 1622 2522 temptat
1645 2460 1725 2508 vel
1749 2461 1914 2508 tendat
1935 2461 2106 2510 Oxou.
2131 2464 2364 2510 sem—16
2394 2457 2538 2506 rubeo
2555 2457 2695 2505 Med.
2715 2471 2826 2506 sec.

628 2534 696 2567 m.
718 2535 795 2582 pr.
845 2527 1041 2584 ruptor-e
1064 2524 1193 2586 Reg.
1218 2523 1392 2571 Oxon.
1433 2539 1510 2586 pr.
1560 2529 1786 2586 ruptoque
1810 2525 1962 2572 Farn.
1997 2524 2122 2573 Put.
2145 2525 2341 2572 Timon.
2377 2523 2499 2571 Pat.
2521 2521 2701 2570 Ambr.
2740 2535 2821 2582 pr.

628 2582 821 2635 Moret.
844 2600 922 2648 pr.
949 2586 1032 2634 ed.
1057 2587 1229 2636 Parm.
1255 2595 1309 2635 et
1332 2587 1502 2636 Vicet.
1528 2588 1652 2636 Var.
1676 2588 1780 2636 LL.
1805 2588 1888 2636 ed.
1913 2588 2074 2636 Antv.
2125 2592 2320 2649 ruptone
2342 2588 2535 2636 Moret.
2558 2601 2662 2634 sec.
2691 2585 2826 2632 Exc.

630 2647 847 2698 Lucens.
863 2655 1094 2699 sem—1⁷
1134 2651 1339 2698 Rursum
1358 2652 1462 2699 duo
1486 2652 1632 2699 Vatt.
1660 2651 1826 2700 Oisel.
1851 2653 1980 2700 Exc.
2007 2653 2225 2700 Lucens.
2251 2665 2354 2700 sec.
2393 2651 2579 2698 Rursus
2598 2651 2720 2697 Vnt.
2745 2664 2824 2710 pr.

628 2717 685 2760 et
708 2727 811 2763 sec.
844 2713 961 2762 Pal.
996 2715 1146 2764 Farn.
1172 2715 1315 2764 Rott.
1342 2715 1444 2763 duo
1468 2715 1613 2764 Med.
1637 2722 1693 2764 et
1729 2716 1914 2765 Heins.
1951 2715 2074 2764 Put.
2105 2717 2300 2764 Titum.
2325 2715 2448 2763 Pat.
2484 2715 2677 2762 Mor-et.
2714 2721 2830 2762 sec:

630 2775 732 2824 dno
770 2776 952 2827 A‘mbr.
976 2777 1097 2827 Ald.
1136 2777 1221 2827 ed.
1248 2780 1419 2828 Parm.
1460 2786 1515 2828 et
1536 2779 1842 2829 Vicet.——18
1875 2780 2068 2830 meliora
2091 2794 2187 2842 pro
2209 2783 2404 2827 ventura
2443 2779 2566 2829 Var.
2591 2779 2696 2827 LL.
2739 2777 2824 2827 ed.

1615 2907 1825 2957 NOTAE

691 3009 752 3052 11
785 3004 1069 3068 Pontifices]
1104 3003 1151 3052 O
1176 3003 1457 3052 Pontifices
1477 3005 1678 3067 aperite
1758 3007 1883 3054 hara
1924 3019 2015 3056 seu
2053 3005 2266 3056 victima
2306 2999 2643 3066 inspicienda.
2711 3002 2821 3052 Ha-

625 3077 833 3134 scriniu,
867 3078 919 3126 in
942 3078 1127 3140 quibus
1148 3077 1477 3126 continentur
1500 3093 1678 3128 versus

620 3152 880 3216 Sibyllini,
916 3161 976 3205 nt
998 3161 1362 3215 cognoscatur,
1400 3155 1680 3218 qnidmali

608 3228 1004 3292 vortendntur?
1065 3227 1208 3278 Libri
1232 3229 1470 3292 Sibyllini
1500 3245 1680 3280 consu-

620 3305 880 3366 lebantur,
902 3305 1105 3369 quoties
1128 3305 1280 3368 Reip.
1298 3320 1453 3368 grave
1472 3307 1678 3371 aliquod

620 3381 907 3444 periculum
930 3380 1249 3430 imminebat.

689 3456 938 3519 Cumana]
969 3456 1053 3506 Ab
1076 3456 1202 3505 urbe
1236 3457 1408 3506 Cumis
1442 3457 1494 3505 in
1530 3459 1678 3506 Cam·

626 3533 795 3595 panis.
876 3533 983 3582 Hic
1041 3532 1313 3582 habitabat
1354 3533 1565 3583 Cumaeu
1601 3535 1678 3592 Si-

618 3606 777 3672 byllu.

687 3687 749 3732 12
786 3682 1011 3744 Etruria]
1064 3683 1275 3732 Etrusci
1300 3683 1409 3732 sive
1431 3684 1680 3734 Hetrusci

620 3758 966 3808 scientissime
1010 3758 1507 3821 interpretabantur,
1554 3760 1680 3824 quid

615 3823 873 3898 fulgurum
903 3832 1275 3898 fulminumque
1314 3837 1567 3899 portentis
1601 3852 1680 3886 os-

614 3910 938 3958 tenderetur.
975 3908 1189 3958 Cicero:
1212 3909 1227 3935 ‘
1244 3910 1494 3960 Hetruria
1514 3913 1678 3960 scien-

1761 3095 1952 3145 ruspex
1977 3090 2148 3130 autem
2173 3087 2432 3131 scrutetur
2453 3081 2621 3128 scelus
2651 3079 2819 3129 latens

1759 3157 1812 3206 in
1843 3157 2010 3218 fibris,
2049 3158 2146 3206 hoc
2173 3163 2272 3219 est,
2291 3162 2554 3204 scrutetur
2583 3170 2647 3204 ex
2677 3152 2824 3202 fibris

1758 3233 2061 3294 latentibus,
2103 3231 2237 3296 quod
2274 3231 2460 3292 scelus,
2493 3230 2629 3294 quod
2663 3227 2819 3278 infor-

1760 3310 1962 3357 tunium
1985 3309 2266 3356 immineat.

1823 3389 1884 3432 15
1921 3384 2094 3434 Nostri
2129 3381 2315 3444 mnndi]
2355 3380 2558 3430 Alludit
2589 3379 2723 3429 forte
2748 3379 2818 3428 nd

1761 3457 2012 3522 Africam,
2051 3473 2118 3506 ex
2143 3471 2243 3521 qua
2263 3465 2378 3506 erat
2397 3455 2642 3505 oriundus
2664 3456 2820 3505 Clau-

1760 3532 1975 3593 dianus-3
2012 3540 2128 3582 ernt
2146 3534 2280 3582 euim
2305 3527 2707 3582 Alexandrinus.

1830 3609 2120 3672 Transfuga]
2157 3609 2318 3661 Quasi
2339 3610 2512 3669 Nilus,
2535 3607 2718 3657 Africa
2737 3623 2822 3668 re-

1759 3686 1904 3746 licta,
1930 3687 2186 3735 transiens
2217 3683 2283 3733 ad
2308 3685 2461 3732 alium
2487 3685 2685 3746 orbem,
2723 3685 2822 3734 sci-

1757 3762 1885 3810 licet
1927 3760 2122 3824 Asiam,
2160 3762 2286 3810 velit
2311 3759 2640 3824 transfugere
2678 3766 2736 3810 et
2759 3773 2819 3809 se

1757 3838 1976 3886 miscere
2000 3853 2116 3886 cum
2141 3838 2266 3886 mari
2289 3837 2461 3886 rubro.

1825 3918 1886 3962 16
1923 3914 2160 3976 Niphate]
2194 3914 2298 3961 Hic
2323 3922 2402 3962 est
2423 3913 2505 3961 vel
2529 3927 2693 3974 mons,
2731 3913 2815 3962 vel

617 3985 815 4034 tissime
834 3985 1227 4047 iuterpretatur,
1246 3986 1367 4048 quid
1384 3987 1674 4050 quibusque
1753 3986 1940 4038 fluvius
1963 3988 2239 4050 Armeniae,
2260 3990 2340 4036 vel
2361 3995 2597 4051 uterque.

616 4058 923 4109 ostendatur
948 4059 1203 4121 portentis
1218 4059 1252 4108 ?'
1290 4058 1453 4123 Supra
1475 4061 1541 4110 de
1564 4061 1673 4111 bel-

616 4134 669 4182 lo
692 4134 829 4183 Gild.
851 4151 925 4184 vs.
944 4141 1060 4186 506.

687 4209 749 4256 13
805 4207 1085 4273 Haruspex]
1140 4210 1225 4260 Sic
1270 4211 1443 4262 dictus
1486 4219 1567 4264 est
1607 4214 1674 4264 ab

1819 4067 1880 4113 18
1916 4064 2063 4113 Nulla
2095 4065 2250 4113 colono
2280 4062 2582 4124 responsura]
2615 4063 2824 4125 Decep-

1754 4146 1871 4188 tura
1893 4154 2036 4204 spem
2071 4139 2310 4202 agricolae
2330 4154 2345 4198 3
2379 4139 2558 4202 sicque
2581 4137 2683 4190 erit
2705 4138 2822 4188 ubi-

1755 4213 2052 4278 qnesandus
2073 4217 2297 4280 mendax,
2317 4219 2364 4274 et
2384 4213 2621 4276 ingrata.
