3184 4967
1035 395 1120 446 m
1167 397 1282 448 ct..
1331 399 1873 454 cnsumsnuu.
2508 393 2597 460 15

389 507 553 602 &2210
573 535 920 617 Gemanica,
953 539 1227 606 alterum
1265 542 1342 606 de
1369 543 1524 608 belzo
1561 543 1781 610 Getico
1830 549 2243 633 inscriptum.
2334 550 2595 632 Quarto

375 657 620 722 genere
647 643 1058 706 continentur
1099 643 1232 708 duo
1268 647 1715 729 epithalamia,
1768 651 2042 714 alterum
2086 651 2161 714 de
2190 653 2421 737 nuptiis
2454 652 2597 717 Ho-

384 740 556 804 narii
581 751 637 804 et
673 740 926 820 Μανία,
965 745 1238 810 alterum
1282 746 1514 812 dictum
1563 747 1861 816 Palladio
1886 762 1947 816 et
1982 749 2275 816 Celerinae
2314 756 2597 840 insci-ip·
2732 785 2753 804 ·

387 850 554 908 tum.
644 843 892 910 Omnia
928 846 1048 910 illa
1088 847 1216 912 hoc
1262 849 1510 914 habent
1559 871 1927 932 commune,
1970 856 2149 938 quod
2202 857 2291 921 ad
2332 859 2597 942 epicum

385 961 594 1026 genus
619 948 956 1028 pertinent.
1046 947 1282 1012 Genus
1309 957 1530 1014 autem
1561 956 1923 1020 carminum
1954 975 2225 1040 prorsus
2264 961 2598 1042 peculiare

387 1046 804 1110 constituunt
843 1067 954 1124 ea,
1003 1067 1160 1132 quae
1197 1048 1645 1137 praefationum
1692 1055 1921 1121 titulos
1974 1059 2041 1122 in
2090 1058 2305 1124 fronte
2346 1067 2597 1143 gerunt,

387 1147 764 1230 quibusque
790 1150 1153 1234 majoribus
1181 1154 1603 1232 carminibuS,
1648 1157 1893 1238 quibus
1921 1163 2074 1222 sunt
2098 1159 2411 1244 praefixa,
2443 1179 2599 1246 pro·

387 1247 610 1312 lusum
658 1255 778 1326 est,
821 1255 886 1312 et
929 1247 1326 1330 Fescennina,
1375 1273 1659 1336 quorum
1706 1265 1858 1322 sunt
1905 1265 2210 1342 quatuor.
2312 1261 2603 1347 Scripsit

383 1354 716 1430 praeterea
743 1348 1154 1418 Claudianus
1184 1357 1446 1430 carmen
1473 1357 1789 1439 epicum;
1840 1356 1947 1422 De
1970 1371 2157 1444 raptu
2190 1361 2599 1450 Proserpinae,

381 1451 590 1544 cujus
619 1457 752 1515 tres
781 1453 986 1518 libros
1026 1457 1280 1540 priores
1307 1457 1574 1522 fortuna
1602 1461 1934 1543 servavit;
1984 1483 2185 1545 porro
2216 1467 2401 1530 aliud
2424 1467 2605 1550 ejus·

385 1552 544 1616 dem
585 1554 864 1634 generis,
917 1551 1439 1642 Gigantomachia
1488 1561 1903 1644 inscriptum,
1956 1563 2153 1646 cujus
2193 1566 2603 1650 principium

388 1659 650 1718 tantum
673 1661 886 1734 extat,
930 1665 998 1722 et
1037 1657 1472 1741 fragmentum
1503 1681 1542 1724 e
1573 1663 1865 1728 carmine
1893 1663 2163 1742 GroecO,
2196 1685 2354 1750 quo,
2385 1672 2459 1732 ut
2482 1687 2603 1734 vo-

387 1757 550 1832 lunt,
581 1758 826 1822 bellum
856 1759 1150 1824 Deorum
1179 1767 1410 1825 contra
1437 1761 1759 1844 Gigantes
1798 1769 1942 1828 erat
1986 1767 2389 1850 expositum.
2479 1768 2601 1834 Se-

391 1863 680 1940 quuntur
723 1860 1024 1942 epistolae
1072 1861 1386 1944 quinque,
1439 1859 1814 1946 Deprecatio
1859 1864 1946 1928 ad
1979 1861 2387 1932 Hadrianum
2420 1867 2603 1934 Prae-

369 1955 620 2042 sectum
647 1954 978 2037 Praeton'O,
1017 1960 1106 2025 ad
1138 1959 1454 2039 Serenam,
1485 1962 1570 2025 ad
1616 1962 1967 2050 olybrium,
2026 1966 2114 2032 ad
2142 1965 2491 2033 Probinum
2530 1981 2606 2035 ut

384 2059 638 2134 scribat,
680 2059 766 2124 ad
798 2059 1196 2126 Gennadium
1227 2084 1299 2126 ex
1329 2062 1725 2130 Procomule.
1798 2067 1975 2131 Tum
2004 2067 2301 2152 Eidyllia
2328 2077 2604 2156 septem,

313 2176 332 2182 ·
393 2161 686 2238 Pltoenix,
735 2159 1024 2252 Hystrioe,
1077 2162 1136 2226 T
1129 2165 1372 2250 orpedO,
1422 2164 1631 2242 Nilus,
1682 2165 1971 2257 Magna,
2018 2168 2299 2254 Aponus,
2337 2168 2443 2234 De
2476 2173 2605 2256 piis

367 2259 698 2350 fratribus
725 2275 787 2330 et
813 2286 1022 2330 eorum
1047 2267 1290 2346 statuis,
1323 2289 1456 2354 quae
1501 2277 1647 2332 sunt
1686 2269 1861 2354 apud
1892 2269 2207 2336 Catinam.
2298 2271 2601 2338 Tandem

392 2367 874 2451 quinquaginta
915 2369 1422 2452 epigrammata,
1471 2371 1603 2436 hoc
1640 2373 1813 2436 enim
1844 2371 2035 2437 titulo
2062 2391 2277 2456 parva
2302 2375 2614 2451 carmina,

387 2469 558 2534 varii
601 2470 964 2551 argumenti
1011 2477 1080 2534 et
1131 2471 1354 2552 pretii,
1397 2473 1603 2536 etiam
1649 2471 1897 2536 Graeca
1925 2473 2259 2556 quaedam,
2306 2472 2606 2559 comp're·

391 2569 786 2648 hendnntur,
849 2589 1152 2654 quorum>
1182 2572 1500 2656 pleraque
1574 2572 1941 2636 Claudiano
2007 2591 2281 2655 prorsus
2336 2574 2606 2656 indigna

393 2675 574 2736 sunt.
655 2673 798 2736 ,His
841 2673 1148 2738 omnibus
1195 2673 1462 2758 adjungi
1512 2675 1685 2740 solet
1728 2673 2159 2754 fragmentum
2188 2671 2413 2755 poiitae
2440 2691 2607 2740 ano-

389 2775 596 2858 nymi,
629 2775 810 2858 quod
843 2771 1094 2838 Laudes
1121 2771 1414 2838 Herculi-5
1443 2777 1747 2840 continet.

479 2871 796 2940 Primum„
809 2877 1012 2958 igitur
1041 2894 1322 2958 agemus
1345 2876 1428 2940 de
1454 2877 1743 2941 carmine
1768 2877 2193 2961 panegyrico,
2220 2877 2607 2943 videamus-

391 2994 547 3060 que,
593 2979 930 3060 quomodo
979 2977 1188 3061 poeta
1231 2978 1302 3042 in
1349 2997 1436 3042 eo
1480 2978 1871 3043 adornando
1910 2984 2213 3044 versatus
2244 2980 2352 3055 sit,
2382 2979 2483 3044 ita
2506 2987 2609 3045 ta-

391 3095 568 3156 men,
593 3083 670 3143 ut
711 3099 865 3142 eum
911 3098 1042 3143 non
1089 3080 1176 3143 ad
1213 3083 1427 3142 certas
1470 3079 1651 3161 leges
1700 3086 1771 3144 et
1810 3079 2153 3158 formulas,
2198 3101 2288 3145 ex
2332 3083 2604 3146 notione

389 3181 702 3244 carminis
729 3181 802 3243 in
827 3181 956 3245 hoc
998 3197 1232 3262 genere
1261 3179 1559 3262 perfecti,
1593 3199 1793 3264 quam
1822 3187 2041 3245 mente
2070 3182 2301 3246 forsan
2326 3187 2393 3246 et
2424 3183 2607 3267 cogi-

391 3283 646 3346 tatione
687 3283 1122 3365 conceperis,
1145 3279 1498 3358 deductas,
1545 3283 1918 3364 exigamus,
2008 3285 2091 3348 In
2138 3286 2268 3351 hoc
2316 3285 2607 3350 carmine

392 3383 567 3466 ejus,
595 3383 674 3446 in
694 3381 892 3466 cujus
918 3382 1234 3446 honorem
1277 3383 1601 3464 scriptum
1644 3388 1770 3460 est,
1814 3405 2037 3466 genus,
2062 3390 2132 3450 et
2176 3387 2431 3451 natales
2458 3387 2607 3452 lau-
2699 3411 2709 3420 ·

394 3483 648 3560 dantur,
694 3483 1024 3548 institutio
1069 3489 1140 3548 et
1189 3484 1547 3567 disciplina
1591 3486 1893 3566 puerilis,
1944 3487 2161 3552 studia
2204 3487 2602 3571 juventuti&

392 3602 642 3662 moreS,
684 3605 790 3649 res
835 3591 1068 3666 gestae,
1099 3585 1442 3666 dignitatis
1487 3585 1759 3670 gradus,
1809 3608 1929 3671 per
1972 3607 2145 3670 quos
2186 3588 2275 3652 ad
2314 3601 2611 3651 summos

389 3687 678 3750 honores
729 3686 1123 3768 ascenderit.
1237 3687 1591 3767 Principia
1646 3689 1866 3752 solent
1912 3706 2001 3749 ex
2046 3689 2133 3749 iis
2192 3686 2371 3764 duci,
2448 3704 2609 3769 quae

396 3788 794 3852 carminibus
833 3787 1270 3851 ,occasionem
1329 3786 1770 3869 praebnerunt,
1826 3793 1895 3852 et
1947 3786 2104 3850 illuc
2179 3788 2382 3852 etiam
2438 3787 2609 3854 fines

397 3894 718 3972 spectare.
811 3888 1078 3952 Eaedem
1121 3887 1319 3970 igitur
1364 3906 1472 3950 res
1499 3892 1945 3968 argumentum
1970 3891 2408 3966 constituunt,
2462 3910 2615 3973 quse

394 3989 467 4054 in
495 3991 906 4076 orationibus
935 3988 1378 4074 panegyricis,
1407 3989 1755 4071 omnisque
1793 3989 2072 4052 materia
2117 4009 2208 4053 ex
2249 3990 2421 4054 locis
2464 3991 2611 4056 rhe-

394 4071 654 4167 toi-icis,
683 4091 753 4154 in
795 4091 1046 4154 scholis
1073 4089 1162 4154 ad
1189 4107 1504 4152 nauseam
1532 4105 1744 4172 nsque
1770 4088 2173 4167 decantatiS,
2195 4092 2433 4174 petita
2482 4096 2608 4156 est.

397 4177 790 4274 Disputatio
837 4195 1060 4260 autem
1107 4186 1194 4255 de
1237 4191 1367 4256 hoc
1417 4191 1765 4278 scriptura>
1812 4209 2045 4275 genere
2084 4197 2159 4256 et
2208 4191 2615 4272 charactere,
