3184 4967
600 398 697 489 82
1354 434 1469 483 ct..
1518 431 1950 483 emmoni-n
1999 432 2051 482 ι.

604 580 812 645 Nube
840 586 1058 663 pater,
1099 584 1491 661 gratamque
1528 578 1750 641 facem
1775 596 1902 659 per
1942 576 2141 640 inane
2165 579 2460 640 rotantes

606 682 949 766 Prospera
968 682 1213 745 vibrati
1242 684 1603 743 tonuerunt
1631 680 1853 743 omina
1875 678 2109 740 nimbi.

607 781 904 865 Accepit
934 782 1201 845 sonitus
1232 782 1451 843 curvis
1480 780 1848 844 Tiberinus
1877 780 1948 842 in
1977 778 2189 841 antris
2241 796 2246 799 ·

606 883 757 948 Ima
785 884 963 947 valle
1010 884 1283 958 sedens,
1316 883 1722 964 arrectisque
1755 881 2028 945 auribus
2059 878 2276 958 haesit,
2677 882 2810 945 210

606 982 811 1050 Unde
844 986 1235 1068 repentinus
1258 985 1419 1048 coeli
1448 984 1712 1063 fragor:
1745 982 1934 1045 ilicet
1960 982 2184 1045 herbis

608 1088 948 1153 Pallentes
977 1088 1335 1162 thalamoS,
1370 1092 1441 1149 et
1472 1092 1734 1149 structa
1758 1082 2022 1148 cubilia
2049 1102 2290 1147 musco

609 1190 908 1267 Deserit,
940 1210 1021 1253 ac
1054 1188 1397 1271 Nymphis
1426 1206 1658 1250 urnam
1689 1186 2108 1250 commendat
2135 1184 2433 1251 herilem.

608 1290 721 1355 Illi
752 1292 993 1371 glauca
1018 1291 1237 1352 nitent
1255 1289 1517 1352 hirsuto
1538 1288 1796 1352 lumina
1819 1289 2027 1366 vultu,

608 1388 949 1455 Coeruleis
979 1389 1228 1454 infecta
1257 1390 1465 1468 notis,
1495 1389 1849 1453 reddentia
1875 1396 2136 1471 patrem
2683 1390 2814 1454 215

608 1488 994 1555 Oceanum:
1031 1491 1255 1571 crispo
1288 1484 1610 1551 densatur
1632 1490 1926 1571 gramine
1953 1490 2156 1555 colla.

609 1591 891 1656 Vertice
922 1594 1225 1655 luxuriat
1252 1597 1407 1654 toto'
1433 1590 1702 1653 crinalis
1735 1590 2032 1671 arund03

610 1692 837 1772 Quam
880 1710 1101 1774 neque
1131 1690 1236 1753 fas
1270 1690 1604 1774 Zephyris
1631 1690 1869 1772 frangi,
1898 1711 2024 1755 nec
2045 1691 2191 1756 sole
2208 1700 2550 1775 perustam

602 1881 705 1947 poli
720 1882 956 1930 volventes
974 1882 1127 1929 lumen
1137 1877 1414 1941 jucundum,
1426 1881 1649 1941 concussi,
1671 1882 1873 1930 tonando
1887 1880 2164 1929 emiserunt
2183 1880 2390 1942 auguria
2399 1880 2584 1939 felicia.
2653 1882 2815 1932 Tibris

606 1946 789 1995 audivit
827 1960 1037 1994 murmur
1056 1944 1109 1993 in
1130 1960 1329 1993 caverna
1366 1951 1577 2005 curvata,
1625 1945 1802 1994 Tibris
1839 1947 2004 1994 sedens
2039 1946 2092 1993 in
2127 1946 2362 2007 profunda
2383 1948 2518 2007 valle,
2551 1951 2598 1993 et
2619 1947 2814 1996 aur-ibus

610 2011 780 2059 erectis
822 2010 1081 2071 obstupuit,
1133 2012 1255 2057 unde
1273 2010 1455 2057 sanstus
1486 2011 1669 2059 subitus
1697 2011 1802 2059 coeli
1825 2009 2126 2073 proveniret
2143 2024 2164 2059 ι
2204 2009 2369 2057 stam
2389 2010 2612 2072 relinquit
2631 2012 2812 2059 alveum

608 2076 893 2137 squalentem
929 2073 1243 2134 graminibus,
1284 2079 1331 2122 et
1366 2076 1537 2123 lectum
1578 2078 1781 2123 stratum
1819 2090 1990 2135 musco,
2029 2079 2172 2135 atque
2208 2074 2360 2122 tradit
2382 2074 2619 2137 Nymphis
2639 2090 2812 2123 urnam

608 2139 860 2187 dominam.
932 2139 1069 2185 Oculi
1106 2136 1311 2197 coerulei,
1332 2138 1466 2193 facie
1486 2138 1694 2200 hispida,
1715 2139 1932 2186 distincti
1951 2139 2150 2186 maculis
2163 2138 2411 2199 viridibus,
2425 2134 2602 2186 siiniles
2618 2140 2814 2200 parenti

614 2202 806 2251 Oceano
827 2202 1020 2264 ,hilgent
1042 2204 1093 2249 in
1116 2202 1216 2263 ipso
1254 2202 1402 2250 Tibri
1429 2219 1441 2249 :
1483 2202 1638 2250 habet
1673 2203 1896 2251 cervicem
1933 2204 2186 2265 crispatam
2217 2202 2374 2250 herbis
2387 2202 2562 2264 spissis.
2628 2202 2689 2250 In
2712 2208 2812 2251 toto

608 2267 764 2331 capite
781 2267 952 2316 Tibris
972 2281 1122 2315 canna
1141 2267 1273 2327 viget
1296 2280 1391 2330 pro
1414 2266 1642 2329 crinibus,
1661 2282 1800 2329 quam
1823 2282 2038 2315 cannam
2059 2280 2274 2330 rumpere
2294 2282 2386 2315 non
2411 2268 2520 2315 licet
2541 2268 2706 2330 ventis,
2727 2282 2812 2315 nec

1526 2391 1885 2411 mumm

1723 2426 1734 2437 ἱ

609 2464 734 2515 Vnt.
756 2461 919 2529 quint.
942 2470 998 2513 et
1019 2464 1103 2513 ed.
1120 2464 1293 2513 Vicet.
1348 2468 1598 2514 tenuerunt
1638 2466 1758 2514 Vnt.
1783 2465 1906 2527 duo,
1928 2464 2044 2515 Pal.
2083 2466 2238 2515 Fam.
2273 2464 2413 2515 Prie.
2436 2466 2606 2515 Vicet.
2632 2467 2811 2518 Parm.

620 2529 804 2579 Barth.
840 2534 1087 2578 sonuerunt
1126 2529 1244 2577 edd.
1285 2526 1505 2579 Amstel.
1540 2530 1701 2580 Blaw.
1724 2537 1779 2578 et
1803 2532 1980 2582 Elzev,
2029 2535 2294 2579 temuerunt
2315 2530 2503 2578 Petav.
2527 2546 2622 2592 pr..
2656 2533 2812 2579 omnia

609 2593 729 2643 Pal.
782 2594 938 2642 canina
973 2594 1073 2641 duo
1111 2593 1254 2641 Med.
1294 2600 1351 2641 et
1404 2600 1511 2641 vet.
1570 2594 1870 2656 (ἒβη-209
1899 2595 2322 2657 Accepits.curvis
2346 2594 2451 2643 Tib.
2471 2594 2717 2643 Heinsius
2734 2609 2810 2643 as·

600 2656 1404 2785 '‘1²3³'1331‘3‘3iss‘22iit‘1'13'i‘2‘15'iss23¹5
1421 2658 1549 2770 {235
1554 2656 1730 2770 ⁰13⁰}ss
1744 2657 1959 2771 ἑοῇῑῖῖῖῗ
1963 2658 2495 2771 ³⁰m‘0200sm222252222
2509 2660 2810 2772 323²&ss

610 2787 765 2847 Laeti,
786 2756 921 2835 ’tunde
944 2755 1194 2834 Heinsius
1226 2756 1521 2847 eonjecerat
1537 2738 1801 2835 ‘'Triumm
1832 2758 2086 2849 currusque
2111 2738 2340 2834 Til-ibimus
2368 2787 2539 2834 Vicet.
2568 2756 2814 2834 Parme-

608 2854 707 2901 21⁰
739 2849 1025 2912 arrectisque
1047 2850 1169 2897 Ald.
1204 2856 1259 2897 et
1280 2850 1404 2895 Var.
1442 2850 1585 2896 Lect.
1611 2864 1640 2897 e
1663 2850 1891 2911 margine
1915 2851 1998 2898 ed.
2020 2850 2196 2896 Parm.
2251 2850 2448 2897 arrectis
2467 2849 2677 2910 auribus,
2699 2850 2830 2899 sine‘

610 2916 815 2977 copula,
837 2915 965 2961 Exc.
992 2914 1145 2971 Laeti,
1161 2913 1283 2959 Vat.
1300 2912 1403 2959 duo
1422 2918 1475 2959 et
1499 2914 1651 2960 Farn.
1705 2914 1874 2963 erectis
1892 2914 2014 2962 Vnt.
2036 2913 2202 2976 quint.
2218 2911 2334 2960 Pal.
2356 2912 2505 2960 Leid.
2523 2927 2602 2971 pr.
2621 2914 2812 2961 Petav.

610 2992 695 3041 pr.
720 2979 820 3025 duo
840 2978 985 3025 Med.
1036 2976 1232 3023 vallibus
1255 2989 1385 3031 unus
1405 2976 1586 3023 Barth.
1639 2976 1796 3023 hausit
1820 2976 1976 3023 etiam
2008 2977 2109 3024 duo
2134 2976 2382 3037 ejusdem.
2413 2976 2558 3023 Prie.
2595 2978 2812 3025 amnibus

608 3042 733 3090 Vat.
760 3041 1078 3103 quint.--2ll
1119 3039 1223 3087 coeli
1244 3040 1365 3087 Var.
1387 3039 1558 3087 Lectt.
1584 3052 1614 3087 e
1635 3054 1794 3101 marg.
1820 3040 1990 3087 Parm.
2024 3040 2212 3102 proprii
2234 3040 2347 3088 Pal.
2378 3040 2540 3101 populi
2564 3040 2666 3088 duo
2687 3042 2813 3090 Vnt.

608 3104 763 3154 Farn.
790 3105 931 3152 Prie.
964 3102 1162 3165 scopulis
1205 3102 1392 3151 Sixtin.
1438 3103 1575 3165 quod
1620 3103 1838 3152 Heinsio
1878 3103 2170 3165 probatum,
2201 3104 2287 3167 qui
2326 3104 2439 3151 baec
2477 3105 2811 3167 ascripserat.
2845 3102 2848 3105 ’

608 3168 705 3229 leg.
746 3168 962 3229 scopulis.
998 3168 1063 3215 de
1111 3166 1279 3213 Roma
1318 3166 1457 3225 alibi,
1500 3167 1620 3221 Quae
1654 3173 1828 3228 septem
1869 3168 2070 3231 scopulis
2108 3182 2248 3216 zonas
2283 3168 2492 3216 imitaris
2535 3169 2814 3232 Olympi.—

607 3236 706 3283 212
740 3230 985 3279 Heinsius
1007 3232 1130 3289 legit
1152 3230 1463 3293 Squallentes.
1482 3233 1668 3279 structa
1687 3232 1810 3281 Vat.
1833 3232 1956 3294 dno,
1979 3232 2094 3280 Pal.
2117 3232 2273 3281 Farn.
2323 3237 2503 3280 structa
2547 3246 2640 3295 pro
2671 3232 2814 3281 varia

608 3296 834 3344 lectione
856 3296 1129 3343 Part—213
1152 3300 1235 3342 aut
1259 3295 1403 3343 Med.
1436 3296 1555 3343 duo.
1611 3310 1781 3343 urnam
1815 3297 1934 3344 Vat.
1954 3310 2034 3358 pr.
2061 3296 2205 3346 Leid.
2230 3312 2308 3359 pr.
2335 3298 2527 3345 Moret.
2552 3304 2657 3345 vet.
2678 3296 2813 3361 G'yr.

608 3359 797 3409 Petav.
826 3375 905 3422 pr.
931 3360 1029 3407 dno
1070 3359 1209 3406 Med.
1261 3359 1497 3407 dominam
1522 3360 1658 3421 vulg.
1675 3361 1862 3408 domum
1881 3362 2114 3409 aih-214
2142 3360 2228 3408 illa
2250 3375 2342 3421 pro
2361 3360 2436 3408 illi
2458 3361 2601 3409 Med.
2623 3361 2814 3409 duo.—

608 3428 705 3474 215
745 3424 1055 3486 Coemleisque
1086 3423 1272 3481 Isingr.
1314 3423 1412 3470 Ed.
1443 3424 1644 3485 Gryph.
1700 3425 1994 3487 coeruleisque
2029 3424 2206 3483 refecta
2238 3425 2387 3475 Junt.
2421 3424 2586 3473 Colin.
2647 3426 2812 3473 Coeru-

608 3488 697 3537 leis
716 3488 905 3552 absque
931 3488 1139 3549 copula,
1175 3487 1361 3534 Petav.
1396 3502 1472 3549 pr.
1497 3487 1643 3535 Med.
1677 3488 1796 3547 duo,
1827 3488 1914 3537 ed.
1939 3489 2112 3537 Parni.
2134 3494 2188 3536 et
2210 3489 2385 3537 Vicet.
2439 3488 2659 3537 membris
2681 3503 2815 3539 unus

609 3552 956 3603 Barth—21⁶
993 3552 1170 3601 Oceani
1193 3550 1336 3600 Med.
1376 3560 1544 3615 quart.
1597 3554 1820 3601 densatur
1842 3552 1989 3603 Leid.
2013 3568 2092 3617 pr.
2117 3568 2148 3601 a
2166 3564 2235 3601 m.
2259 3566 2364 3601 sec.
2417 3554 2674 3601 densantur
2693 3553 2816 3603 Vat.

1607 3691 1822 3743 NOTAE

606 3808 805 3859 fulmen
820 3809 1126 3873 secundum,
1150 3825 1241 3859 seu
1263 3824 1583 3873 prosperum,
1603 3825 1670 3857 ex
1749 3812 1964 3875 erigunt
2007 3828 2156 3863 aures
2197 3812 2447 3874 audituri,
2475 3811 2568 3861 sed
2603 3811 2811 3875 erigunt

608 3900 711 3953 quo
734 3886 903 3933 omnia
934 3884 1197 3933 fortunata
1234 3885 1349 3933 fore
1372 3884 1670 3933 credantur.
1751 3893 1912 3947 caput
1932 3888 1983 3933 in
2007 3903 2111 3951 qno
2135 3880 2257 3936 sunt
2280 3902 2444 3937 aures.

672 3965 771 4010 209
810 3960 1079 4023 Tiberinus]
1115 3962 1324 4009 Fluvius
1346 3961 1546 4007 scilicet
1568 3961 1670 4008 Ro·
1813 3966 1909 4011 213
1951 3963 2127 4011 Urnam
2144 3962 2360 4024 herilem]
2417 3964 2540 4025 Ipse
2584 3963 2812 4027 Tiberis,

608 4048 743 4084 mam
766 4036 981 4095 alluens,
1021 4036 1181 4099 quiet
1197 4035 1365 4083 Tibris
1384 4042 1441 4085 et
1463 4034 1669 4085 Tiberis
1747 4036 1836 4099 qui
1857 4037 2029 4085 Herus
2047 4053 2136 4086 seu
2163 4038 2414 4086 Dominus
2437 4045 2536 4098 est,
2555 4052 2810 4087 commen-

608 4108 817 4160 dicitur.
1749 4111 1840 4159 dat
1859 4127 2040 4162 urnam
2056 4128 2195 4162 suam
2220 4115 2496 4177 Nymphis.
2535 4115 2702 4174 Urna,
2721 4128 2811 4163 cu-

673 4188 771 4235 21⁰
802 4184 1021 4234 Arrectis
1039 4186 1235 4235 auribus
1268 4186 1431 4249 hoesit]
1481 4186 1670 4237 Atten-
1747 4186 1872 4247 bile,
1905 4188 2086 4252 barba,
2119 4194 2178 4239 et
2217 4189 2322 4239 alia
2339 4188 2612 4253 ejusmodi,
2641 4186 2810 4239 fluviis

608 4258 713 4315 tius
730 4260 946 4327 audivit,
966 4263 1290 4313 observavit:
1322 4262 1549 4314 homines
1568 4278 1670 4314 nou
1751 4262 2064 4315 tribuuntur.
