3184 4967
588 441 676 508 28
1407 459 1966 508 »nonneoMnNA

592 601 784 684 cujus
813 599 1024 666 fronte
1055 619 1224 666 nunc
1247 595 1506 683 legitur,
1537 602 1658 663 vix
1688 603 1981 682 pertinet,
2010 621 2221 684 neque
2249 603 2463 684 magis
2498 620 2782 668 xxxiva

594 700 782 764 Nihil
811 706 982 766 enim
1033 704 1104 766 in
1134 704 1270 766 illis
1301 708 1426 779 est,
1474 703 1652 784 quod
1684 703 1771 766 ad
1823 722 1923 778 ea,
1982 703 2228 785 quibus
2278 706 2784 785 praemittuntur,

591 805 811 882 possit
838 805 1030 868 trahi.
1121 805 1278 868 Hoc
1310 812 1522 868 autem
1544 824 1773 868 omnes
1803 804 1938 867 sere
1959 805 2197 868 habent
2223 805 2781 887 praefatiunculae,

579 909 666 966 -ut
694 905 779 966 iis
810 906 1056 988 aliquid
1085 907 1268 982 insit,
1315 925 1402 970 ex
1428 907 1673 987 quibus
1702 913 1852 968 tuto
1883 907 2185 986 colligas,
2222 926 2535 988 quorsum
2586 907 2783 988 perti-

591 1013 812 1068 neant.
903 1006 1208 1070 Ceterum
1257 1009 1404 1070 haec
1436 1007 1571 1070 duo
1616 1027 1733 1070 car
1762 1035 1771 1066 ·.
1802 1009 1913 1068 ina
1938 1008 2035 1069 illi
2089 1008 2308 1088 epico,
2340 1008 2600 1071 etiamsi
2624 1010 2787 1070 inte-

591 1128 779 1188 grum
832 1109 918 1172 ad
965 1130 1088 1174 nos
1130 1111 1568 1193 pervenisset,
1600 1110 1843 1171 virtute
1889 1106 2159 1189 poetica
2211 1109 2503 1189 palmam
2553 1110 2785 1190 praeri-

591 1210 808 1292 piunt,
837 1211 967 1273 nisi
997 1211 1380 1293 dignitatem
1404 1212 1715 1274 carminis
1740 1209 2139 1290 decempeda
2168 1210 2481 1272 metiariS.
2572 1247 2585 1256 ·

680 1310 957 1375 Carmen
982 1314 1266 1394 epicum,
1295 1312 1474 1396 quod
1503 1313 1700 1392 vulgo
1726 1308 1831 1374 De
1862 1320 2045 1392 raptu
2074 1308 2457 1393 Proserpina:
2482 1312 2785 1390 barbare,

590 1418 664 1475 ut
713 1413 1052 1476 existimat
1075 1413 1430 1489 HeinsiuS,
1479 1413 1597 1495 qui
1648 1421 1863 1494 raptus
1912 1411 2297 1494 Proserpina
2338 1413 2786 1493 corrigendum

593 1523 840 1592 censet,
871 1515 1256 1596 inscriptum
1287 1521 1408 1590 est,
1457 1517 1542 1577 ab
1591 1515 1873 1590 actione,
1904 1533 2104 1595 quam
2152 1514 2363 1577 voluit
2408 1514 2787 1595 primariam

591 1616 796 1698 poeta
839 1637 1008 1693 esse,
1039 1618 1300 1680 titulum
1329 1618 1559 1693 traxit,
1612 1637 1805 1698 quem
1838 1618 1963 1679 etsi
1990 1635 2185 1678 nemo
2215 1616 2412 1678 facile
2442 1616 2787 1682 contendet

591 1736 742 1780 esse
764 1719 1113 1798 genuinum
1119 1724 1368 1795 ,tamen
1383 1718 1665 1781 similem
1684 1717 1847 1780 illud
1870 1736 2133 1780 carmen
2150 1717 2217 1778 in
2241 1717 2453 1779 fronte
2472 1719 2785 1802 gessisse,

593 1818 833 1882 docent
853 1820 1058 1882 verba
1082 1819 1338 1882 Sidonii
1357 1817 1766 1901 Apollinaris
1790 1833 1905 1882 lx,
1924 1818 2076 1882 271.
2099 1838 2252 1898 sqq.
2344 1816 2622 1880 Omnem
2652 1818 2788 1882 dis·

589 1920 998 2001 putationem
1023 1921 1247 1984 exilia
1263 1922 1633 2004 quaestione
1661 1925 1896 1994 ortam,
1915 1938 2072 1980 num
2090 1914 2318 1981 fabula
2341 1918 2421 1979 de
2455 1916 2687 1980 Cerere
2719 1923 2789 1982 et

594 2019 1000 2103 Proserpina
1049 2022 1350 2103 praebere
1395 2021 1678 2102 potuerit
1723 2020 2061 2081 materiam
2094 2019 2367 2080 carmini
2398 2018 2594 2098 epico
2624 2019 2788 2082 satis

593 2120 928 2199 idoneam,
955 2142 1196 2186 vanam
1225 2128 1386 2204 puto
1425 2127 1489 2184 et
1537 2120 1821 2194 inanem,
1853 2139 2028 2193 cum,
2080 2118 2242 2200 quid
2287 2117 2613 2198 ingenium
2668 2119 2789 2181 ali-

595 2220 773 2303 quod
805 2221 968 2284 felix
997 2228 1063 2284 et
1110 2241 1152 2284 a
1195 2225 1434 2283 natura
1483 2221 1763 2300 benigne
1814 2220 2201 2282 instructum
2249 2218 2466 2300 possit
2510 2217 2788 2296 efficere,

591 2319 859 2384 definire
887 2341 1202 2404 nequeas,
1232 2341 1378 2397 nec,
1409 2322 1467 2383 si
1517 2321 1622 2383 vel
1668 2320 1976 2402 pluribus
2005 2327 2241 2383 conata
2271 2319 2445 2381 haud
2475 2338 2789 2400 prospere

595 2424 937 2499 cesserint,
967 2443 1097 2486 non
1135 2424 1284 2487 inde
1330 2429 1662 2505 sequetur,
1717 2426 2190 2503 argumentum,
2224 2420 2402 2502 quod
2448 2421 2788 2483 incassum

595 2522 793 2584 toties
821 2527 1140 2587 tentatum
1169 2524 1276 2600 sit,
1309 2525 1395 2586 ab
1423 2523 1804 2604 hujusmodi
1833 2523 2217 2586 tractatione
2246 2541 2518 2603 prorsus
2549 2521 2789 2584 abhor-

593 2641 753 2686 rere.
846 2622 1055 2688 Recte
1085 2625 1348 2707 quidem
1378 2624 1651 2700 dixeriS,
1684 2643 1819 2705 quo
1843 2624 2111 2686 uberior
2140 2643 2243 2686 res
2271 2624 2380 2702 sit,
2429 2643 2631 2704 quam
2671 2623 2791 2685 tibi

595 2725 1044 2805 proposueriS,
1085 2744 1165 2787 eo
1211 2725 1574 2788 faciliorem
1624 2723 1815 2787 reddi
1854 2726 2174 2800 laborem,
2218 2725 2471 2806 quippe
2518 2724 2679 2805 quia
2720 2726 2790 2788 in

595 2842 812 2886 rerum
859 2826 1058 2906 copia
1085 2827 1404 2888 electione
1433 2832 1679 2888 tantum
1705 2845 1878 2907 opus
1910 2826 1999 2886 sit
2033 2831 2097 2887 et
2138 2824 2428 2904 diligenti
2458 2826 2791 2908 composi-

596 2924 811 2987 tione:
879 2925 1207 3006 ingenium
1235 2931 1454 2988 tamen
1503 2925 1655 2987 sons
1696 2932 1799 2988 est
1849 2945 2061 2986 rerum
2108 2925 2570 3002 inexhaustuS,
2616 2927 2789 2991 unde

597 3044 863 3105 semper
885 3024 1186 3106 depromi
1218 3031 1518 3108 possunt,
1548 3046 1700 3108 quae
1732 3032 2107 3107 argumento
2138 3027 2375 3104 desint,
2407 3029 2503 3098 ita
2531 3033 2601 3088 ut
2628 3027 2791 3091 nihil

597 3126 734 3186 tam
763 3126 1050 3206 simplex
1081 3127 1170 3191 sit
1219 3134 1291 3190 et
1341 3134 1552 3203 tenue,
1607 3129 1785 3210 quod
1816 3148 1949 3190 non
1987 3129 2377 3192 tractatione
2406 3126 2546 3190 fieri
2575 3128 2795 3215 possit

597 3225 888 3289 uberius.
997 3225 1178 3303 Quid
1196 3230 1226 3290 ‘l
1300 3227 1512 3292 Iliade
1565 3229 1830 3308 penitus
1887 3230 2242 3308 incognita,
2304 3230 2365 3290 si
2417 3229 2569 3310 quis
2619 3230 2787 3294 iram

597 3323 880 3390 Achillis
933 3348 1084 3392 cum
1135 3328 1549 3412 Proserpinae
1602 3336 1797 3410 raptu
1850 3332 2070 3393 animo
2118 3330 2555 3407 contenderet,
2578 3334 2790 3393 utram

598 3445 738 3488 rem
789 3434 854 3491 et
893 3431 1255 3508 graviorem
1305 3436 1369 3494 et
1417 3431 1777 3494 uberiorem
1818 3431 2200 3514 judicaret?
2294 3428 2465 3507 Quae
2501 3451 2648 3494 cum
2696 3430 2794 3493 ita

597 3526 753 3603 sint,
795 3531 1112 3593 neminem
1143 3551 1404 3596 movere
1432 3532 1694 3608 debent,
1743 3552 1893 3615 quae
1920 3531 2268 3594 NValchius
2300 3536 2531 3594 contra
2558 3530 2793 3612 dispu-
2836 3577 2847 3588 .

598 3631 787 3693 tavit.
877 3629 1080 3711 Quin,
1131 3634 1245 3714 qui
1289 3638 1505 3714 neget,
1559 3634 1887 3696 actionem
1939 3633 2120 3697 illam
2163 3651 2293 3694 non
2340 3639 2477 3696 tam
2524 3629 2791 3712 quidem

599 3747 723 3810 per
749 3747 841 3806 se,
867 3750 1068 3812 quam
1099 3740 1369 3814 propter
1389 3753 1492 3810 ea,
1513 3753 1665 3814 quae
1692 3741 1923 3798 secuta
1950 3740 2121 3808 sunt,
2139 3753 2283 3796 esse
2312 3731 2789 3813 gravissimam,

601 3830 876 3894 arbitror
901 3851 1048 3895 esse
1080 3835 1424 3899 neminem.
1516 3831 1697 3909 Quid
1726 3833 1898 3895 enim
1945 3833 2177 3912 magiS,
2228 3851 2362 3894 non
2412 3831 2498 3893 ad
2548 3838 2792 3894 certam

601 3930 896 4012 aliquam
925 3939 1196 4013 gentem,
1241 3933 1358 3996 sed
1389 3933 1472 3996 ad
1505 3952 1695 3996 omne
1734 3953 1934 4013 genus
1962 3933 2317 3996 humanum
2344 3937 2565 4014 potest
2590 3933 2793 4015 perti-

600 4048 782 4104 nere,
817 4051 1013 4112 quam
1047 4033 1464 4111 agriculturae
1493 4036 1807 4109 inventio,
1851 4033 2028 4096 unde
2056 4033 2313 4096 semina
2354 4033 2549 4096 simul
2578 4033 2793 4096 omnis

601 4130 1024 4196 humanitatis
1054 4134 1344 4217 vitaeque
1372 4134 1670 4198 cultioris
1718 4141 1785 4197 et
1830 4153 2067 4217 sparsa
2096 4141 2249 4197 sunt
2291 4139 2359 4198 et
2403 4133 2790 4198 effloruere?

603 4231 806 4296 Hanc
830 4253 967 4297 rem
1007 4236 1103 4299 ita
1130 4239 1429 4315 tractare,
1454 4245 1530 4301 ut
1557 4237 1906 4301 admiratio
1934 4235 2087 4299 inde
2125 4240 2192 4299 et
2230 4235 2577 4299 delectatio
2607 4235 2795 4300 audi-
