3184 4967
541 397 675 465 2372
1242 382 1357 463 eL.
1406 410 1832 461 omnnium
1891 413 2019 461 xv.
2060 427 2068 437 ·

542 558 699 627 Nec
732 558 1000 645 Cybele,
1026 559 1211 624 sicco
1237 579 1363 623 nec
1390 560 1614 624 stabat
1639 560 1887 623 lumine
1905 558 1952 622 J
1954 578 2104 623 uno.

544 661 845 750 Moerent
865 644 1225 743 Indissetes,
1254 668 1325 725 et
1354 662 1413 725 si
1443 680 1612 743 quos
1641 661 1864 725 Roma
1887 662 2176 745 recepit,

540 763 683 829 Aut
711 762 893 829 dedit
916 763 1075 845 ipsa
1106 764 1316 827 Deos.
1406 762 1684 827 Genitor
1698 762 1842 845 jam
1871 764 2073 828 eorda
2103 757 2341 827 rem’itss

542 866 879 950 Coeperat,
912 872 985 929 et
1014 884 1275 929 sacrum
1306 864 1549 929 dextra
1577 866 1810 929 sedare
1835 866 2216 927 tumultum:

536 966 711 1029 Cum
740 967 970 1048 procul
1000 968 1249 1031 insanis
1280 966 1585 1049 quatiens
1617 966 1984 1029 ululatibus
2016 984 2238 1043 axem,

538 1067 627 1131 Et
654 1073 937 1131 contusa
965 1087 1191 1150 genaS,
1220 1068 1459 1132 mediis
1489 1074 1770 1153 apparet
1797 1070 1866 1131 in
1897 1070 2096 1133 astris

537 1167 787 1233 Africa.
876 1168 1219 1233 Rescissae
1248 1175 1487 1246 vestes„
1518 1175 1583 1232 et
1611 1170 1844 1251 spicea
1873 1171 2129 1251 passim

538 1270 733 1334 Serta
750 1271 1015 1354 jacent:
1062 1272 1285 1334 lacero
1311 1271 1593 1333 crinales
1623 1271 1867 1333 vertice
1897 1270 2145 1346 denteS,

534 1370 899 1465 Effraetum
928 1373 1262 1455 pendebat
1289 1374 1472 1451 ebur,
1502 1373 1750 1456 talique
1781 1373 2097 1455 superbas

2598 1063 2730 1128 135

542 1521 698 1571 Vestoe
718 1524 924 1569 sanctae:
956 1535 1100 1581 neque
1126 1520 1297 1581 Cybele
1334 1518 1551 1567 manebat
1580 1520 1718 1567 siccis
1739 1521 1897 1577 oculis,
1917 1535 2060 1583 neque
2091 1521 2237 1569 Juno.
2287 1520 2526 1581 Indigetes
2548 1520 2724 1581 lugent,

533 1590 582 1633 et
603 1586 655 1645 ii,
674 1585 845 1646 siquos
866 1586 996 1633 Deos
1016 1584 1164 1631 Romo
1186 1584 1382 1645 accepit,
1403 1585 1475 1631 vel
1495 1585 1598 1647 ipsa
1619 1584 1766 1633 dedit.
1825 1585 1970 1645 Pater
1991 1584 2024 1634 J
2031 1584 2200 1645 upiter
2207 1585 2312 1645 J'am
2337 1585 2590 1647 incipiebat
2612 1584 2724 1631 mol-

531 1650 622 1697 lire
639 1654 817 1711 pectus,
841 1654 885 1695 et
908 1650 1092 1709 placare
1126 1662 1265 1695 manu
1300 1662 1509 1695 murmur
1527 1663 1731 1707 sacrum,
1753 1663 1855 1695 cum
1889 1650 2024 1709 longe
2058 1648 2228 1705 Africa
2259 1650 2524 1697 concutiens
2549 1648 2726 1695 Coelum

532 1714 749 1760 lamentis
770 1712 1028 1772 hore-emtis,
1063 1714 1110 1758 et
1148 1712 1342 1758 laniata
1377 1726 1473 1773 per
1500 1726 1667 1772 genas,
1690 1711 1892 1760 ostendit
1912 1726 1959 1759 se
1982 1715 2032 1759 in
2053 1714 2203 1760 medio
2225 1710 2424 1760 othere:
2456 1713 2728 1760 vestimenta

532 1778 641 1839 ejus
656 1777 907 1838 discerpta,
926 1780 971 1823 et
992 1780 1121 1823 serta
1144 1775 1397 1823 aristarum
1416 1775 1601 1837 jacent,
1619 1780 1786 1839 pecten
1807 1770 1993 1838 scissus,
2011 1781 2058 1823 et
2079 1781 2268 1839 ruptum
2291 1776 2402 1825 ebur·
2417 1774 2723 1839 suspendeba-

1452 1914 1804 1935 OOOOOOOOOOO

532 2014 715 2063 Ambr.
736 2019 858 2063 tert.
892 2015 1026 2061 modo
1046 2028 1141 2077 pro
1162 2015 1279 2063 mihi
1298 2015 1664 2064 'Pholum—13⁰
1691 2016 1862 2079 Cybele
1881 2018 2001 2065 sicco
2027 2016 2144 2066 vat.
2169 2018 2325 2065 Farn.
2347 2018 2576 2067 Floreat.
2595 2018 2724 2081 Reg.

529 2081 725 2129 'rimam
751 2080 951 2127 Mazar.
976 2078 1078 2125 duo
1102 2078 1287 2127 Petav.
1312 2086 1545 2142 quatuor,
1568 2081 1713 2128 Med.
1752 2082 1852 2129 ine.
1898 2082 2079 2129 Heius.
2120 2081 2201 2130 ed.
2237 2082 2410 2129 Parm.
2455 2090 2510 2130 et
2549 2082 2720 2131 Vicet.

528 2145 649 2193 sicco
671 2142 845 2204 Cybele
864 2144 1064 2191 Bonon.
1085 2144 1290 2191 TholoS.
1314 2143 1434 2191 Pat.
1458 2143 1585 2192 Lov.
1615 2145 1809 2193 Moret.
1833 2160 1936 2193 see.
1961 2154 2014 2193 et
2033 2145 2216 2193 Petam
2255 2160 2361 2193 sec.
2394 2145 2574 2194 Ambr.
2601 2154 2721 2195 tert.

530 2222 659 2255 unns
683 2208 865 2255 Heius·
884 2206 987 2253 duo
1009 2206 1180 2253 Oxou.
1206 2208 1329 2254 Var.
1354 2208 1458 2255 LL.
1482 2222 1511 2255 e
1532 2222 1691 2268 marg.
1715 2208 1889 2257 Parin.
1925 2211 2052 2257 Exc.
2073 2210 2290 2257 Gevart.
2313 2210 2438 2257 item
2459 2210 2615 2259 Gesn.
2638 2212 2722 2261 ed.

528 2272 741 2333 Bipont.
772 2278 826 2318 et
860 2269 1233 2330 Koenig.—-132
1264 2272 1405 2317 corda
1440 2270 1541 2317 duo
1575 2271 1726 2319 Vatt.
1761 2282 1815 2320 et
1858 2274 2000 2323 Med.
2033 2272 2164 2335 Reg.
2199 2274 2322 2321 Put.
2360 2275 2557 2321 Bonon.
2595 2274 2719 2323 Lov.

529 2335 677 2385 Leid.
697 2347 776 2395 pr.
796 2334 897 2380 duo
922 2332 1093 2382 Oxon.
1114 2334 1331 2381 totidem
1353 2332 1536 2382 Ambr.
1560 2343 1666 2391 tres
1687 2336 1865 2384 Petav.
1889 2337 2016 2384 Exe.
2037 2337 2168 2385 Gev.
2187 2338 2309 2385 Var.
2329 2337 2432 2385 LL.
2453 2336 2536 2386 ed.
2562 2336 2720 2387 Antv.

525 2400 663 2445 eorde
684 2411 775 2444 sex
798 2397 901 2443 alii.
935 2399 1076 2445 corda
1094 2399 1177 2444 vel
1200 2400 1333 2445 corde
1356 2397 1516 2445 Oisel.
1539 2398 1684 2448 Med.
1705 2414 1808 2448 sec.
1842 2401 2048 2449 remittit
2070 2402 2152 2448 ed.
2174 2401 2507 2449 vicen—133
2539 2400 2721 2449 sacrum

526 2462 661 2509 Flor.
676 2474 743 2508 m.
763 2474 865 2509 sec.
898 2475 1032 2507 saera
1050 2460 1192 2510 Med.
1214 2466 1544 2523 quarte-185
1567 2469 1758 2511 contusa
1775 2465 1896 2512 Vat.
1922 2480 1998 2526 pr.
2019 2470 2074 2511 et
2095 2480 2198 2513 sec.
2219 2465 2382 2512 Oisel.
2406 2466 2589 2513 Petav.
2615 2480 2718 2514 sec.
2739 2484 2745 2491 ·

526 2525 717 2584 confusa
742 2525 893 2572 Farn.
929 2540 1150 2573 concussa
1172 2526 1349 2585 viginti
1374 2526 1479 2585 alii,
1500 2527 1624 2573 item
1651 2529 1777 2576 Exc.
1797 2528 2015 2577 Gerart.
2048 2534 2237 2577 contusa
2257 2529 2336 2577 vel
2353 2544 2568 2577 concussa
2589 2530 2720 2591 Reg.
2818 2560 2822 2563 -

524 2590 669 2637 Med.
694 2603 769 2649 pr.
800 2588 939 2647 genis
962 2589 1185 2636 Florent.
1208 2604 1275 2637 m.
1305 2594 1547 2651 pre—136
1580 2591 1784 2639 disci-'sce
1826 2594 2020 2640 Moret.
2053 2607 2132 2654 pr.
2181 2593 2350 2640 decisae
2390 2594 2580 2642 Moret.
2613 2607 2718 2643 sec.

523 2653 684 2701 recisae
713 2654 823 2701 Pal.
846 2652 967 2699 Put.
996 2653 1179 2700 Petav.
1218 2668 1319 2701 sec.
1356 2654 1486 2701 Exc.
1524 2653 1742 2704 Gevart.
1785 2657 1996 2703 descissae
2011 2658 2133 2704 Vat.
2157 2670 2262 2705 sec.
2288 2658 2436 2713 Farn.
2489 2658 2722 2705 recscissoe

527 2718 609 2765 vel
630 2718 842 2764 deso-issae
863 2716 997 2777 Reg.
1028 2716 1228 2776 sparsim
1246 2716 1535 2765 octodecim
1562 2719 1761 2781 scripti,
1784 2720 1867 2767 ed.
1893 2722 2060 2769 Vicet.
2085 2722 2212 2768 Exc.
2237 2720 2614 2769 (levam—138
2651 2722 2719 2768 Et

522 2786 728 2829 stratum
766 2782 897 2828 Exe.
930 2780 1065 2827 Laeti
1102 2789 1155 2827 et
1193 2780 1394 2829 Ruben.
1450 2781 1744 2839 Etfractum
1765 2783 1942 2831 decem
1967 2782 2240 2852 Coddssed.
2265 2784 2432 2833 vicet.
2462 2786 2587 2833 Var.
2613 2784 2738 2834 LL..

1512 2904 1731 2957 NOTAE

588 3024 683 3068 130
720 3019 914 3082 Cybele]
949 3020 1124 3067 Mater
1156 3019 1414 3065 Deorum:
1454 3030 1577 3065 non-

520 3096 650 3144 nulli
672 3110 783 3143 eam
806 3109 922 3141 eum
944 3094 1107 3140 Vesta
1128 3090 1465 3139 confundunt.
1657 3112 1778 3145 num
1801 3100 2046 3147 colluvies
2061 3096 2399 3148 confluxerat,

1659 3028 1833 3069 tamen
1857 3021 1993 3083 apud
2015 3036 2104 3071 eos
2138 3022 2363 3071 omnium
2395 3022 2741 3086 superstitio-'2
2783 3036 2824 3077 1..

590 3175 680 3219 131
719 3168 987 3229 Indigetes]
1042 3167 1291 3215 Homines
1330 3173 1581 3228 praestan-

522 3244 722 3306 tissimi,
770 3243 857 3307 qui
916 3243 967 3289 in
1025 3242 1255 3289 Deorum
1310 3254 1577 3290 numerum

522 3320 734 3382 ascripti
760 3323 906 3367 sunt:
944 3322 1001 3365 ut
1026 3317 1293 3376 Romulus,
1316 3320 1415 3363 ὅτε.

584 3396 738 3443 Roma
758 3392 956 3454 recepit]
990 3392 1171 3453 Roma,
1190 3397 1250 3439 ut
1274 3390 1470 3450 Coelum
1488 3391 1577 3439 ali-

522 3473 681 3535 quod,
721 3470 923 3531 recepit
960 3470 1191 3531 gentium
1229 3468 1452 3517 omnium
1490 3470 1577 3519 de-

518 3551 767 3599 victarum
790 3549 948 3607 Deos,
966 3546 1143 3609 nequis
1176 3545 1381 3595 scilieet
1412 3560 1576 3595 rema·

519 3634 669 3675 neret
692 3628 742 3673 in
769 3625 975 3672 urbibus
998 3632 1089 3673 ant
1131 3623 1408 3685 provinciis
1428 3639 1591 3673 suum.

518 3701 761 3749 honorem
780 3700 999 3747 ulturus.
1056 3698 1303 3761 Lepidam
1326 3705 1471 3747 certe
1494 3714 1575 3747 su-

516 3776 899 3840 perstitionem!
968 3776 1131 3823 Roma
1187 3782 1359 3822 tamen
1411 3776 1572 3823 solum

517 3856 860 3905 Hebraeorum
884 3856 1053 3903 Deum
1095 3868 1195 3900 non
1232 3852 1573 3912 consecravit,

516 3932 634 3995 quia
655 3931 699 3979 is
723 3930 946 3993 jubebat
969 3942 1025 3975 se
1048 3928 1148 3975 coli
1168 3930 1349 3988 solum,
1384 3928 1573 3977 ceteris

516 4006 901 4063 enormi-nanu
936 4010 993 4051 et
1028 4004 1201 4051 Deum
1235 4004 1453 4065 aliquem
1487 4018 1573 4051 co·

515 4078 625 4137 lere
668 4080 787 4139 alio,
816 4092 916 4141 quo
959 4078 1067 4141 ipse
1103 4078 1341 4139 jussisset
1400 4079 1571 4140 modo,

512 4151 679 4201 nefas.
734 4153 809 4203 At
830 4155 1045 4201 Romani
1068 4154 1245 4214 plures
1268 4155 1410 4202 Deos
1431 4155 1569 4205 vole-

514 4228 662 4292 bam,
682 4236 741 4277 ut
777 4228 913 4278 forte
946 4229 1141 4277 nullum
1176 4228 1458 4277 haberent:
1492 4230 1573 4279 sic.

1725 3177 1819 3221 132
1851 3174 1954 3221 Aut
1973 3173 2126 3235 dedit]
2163 3176 2322 3223 Roma
2346 3173 2494 3222 dedit
2526 3174 2736 3223 Romu-³-

1659 3248 1762 3297 lum
1784 3256 1840 3297 et
1877 3250 2130 3312 CaesareS,
2159 3250 2244 3313 qui
2284 3249 2424 3298 inter
2458 3250 2596 3297 Deos
2637 3264 2716 3297 re·

1659 3322 1980 3374 ferebantur.

1725 3402 1816 3446 133
1851 3399 2049 3447 Sacrum
2091 3398 2364 3461 tumultum]
2413 3396 2712 3447 Excitatum

1658 3488 1689 3520 a
1711 3474 1826 3523 Diis
1852 3473 2032 3523 Romae
2069 3474 2413 3523 calamitatem
2443 3472 2730 3536 indignam.

1656 3549 1816 3597 tibus-

1718 3625 1910 3673 Dextra
1939 3624 2124 3687 sedare]
2160 3624 2279 3673 Mos
2311 3637 2506 3684 eorum,
2535 3623 2624 3687 qui
2659 3638 2714 3672 e-

1655 3704 1772 3746 rant
1797 3700 2032 3749 locuturi.
2063 3700 2334 3748 Lucanus:
2361 3700 2376 3726 ‘
2399 3700 2710 3763 Dextraque

1651 3774 1856 3821 silentia
1865 3773 2057 3836 jussit!
2717 3815 2726 3823 .

1719 3856 1812 3901 137
1845 3853 2042 3915 Dentes,
2061 3857 2106 3899 et
2129 3852 2264 3914 ebur]
2309 3852 2374 3901 Id
2411 3859 2506 3915 est,
2528 3853 2710 3903 dentes

1652 3927 1884 3988 eburnei,
1921 3942 2015 3977 seu
2059 3935 2248 3991 pecten
2292 3930 2568 3988 eburneus,
2603 3942 2724 3991 quo.

1652 4000 1833 4050 Africa
1875 4000 2039 4052 utitur
2079 4002 2145 4050 ad
2192 4002 2476 4065 pectendos
2520 4003 2708 4052 crines.

1653 4078 1790 4127 Huic
1829 4086 2004 4129 autem
2039 4078 2192 4127 datur
2225 4077 2730 4139 pecteneburneus·

1648 4160 1866 4215 propter
1889 4154 2205 4216 Elephanton
2226 4166 2356 4216 quos
2377 4152 2486 4202 alit.
