3184 4967
580 392 717 459 144
1322 410 1440 459 cn.
1484 407 1912 457 chauonim
1965 410 2032 455 v.

586 551 1071 636 Disposuitque
1099 554 1310 617 nefas,
1397 550 1539 615 Alii
1564 571 1687 633 per
1715 557 1899 632 terga
1927 550 2166 617 ferocis

584 653 883 718 Danubii
913 655 1198 719 solidata
1225 660 1441 729 ruunt,
1472 659 1880 735 expertaque
1911 672 2126 716 remos

584 748 919 835 Frangunt
947 760 1177 836 stagna
1204 755 1405 818 rotis:
1451 753 1565 815 alii
1596 773 1716 835 per
1745 751 2000 836 Caspia
2023 755 2332 831 claustra,

581 852 1068 938 Armeniasque
1096 858 1305 932 niveS,
1332 855 1602 937 inopino
1631 854 1894 917 tramite
1921 854 2128 932 ducti,

528 994 534 999 -
580 954 915 1019 Invadunt
941 955 1225 1021 Orientis
1252 975 1440 1039 opes.
1524 955 1569 1019 J
1574 974 1682 1018 am
1709 974 1968 1037 pascua
1993 954 2244 1019 fumant
2687 958 2776 1023 30

582 1054 1089 1140 Cappadocum,
1116 1058 1584 1140 volucrumque
1614 1074 1852 1139 parens
1878 1054 2163 1137 Argaeus
2189 1067 2528 1140 equorum.

577 1157 737 1223 Jam
766 1160 956 1223 rubet
983 1160 1158 1223 altus
1190 1159 1451 1244 Halys:
1496 1178 1616 1221 nec
1647 1177 1720 1221 se
1749 1157 2036 1221 defendit
2059 1150 2294 1241 iniquo

580 1258 816 1324 Monte
846 1258 1050 1323 Cilix.
1142 1260 1355 1343 Syriae
1384 1265 1632 1324 tractus
1657 1262 2000 1322 vastantur
2029 1260 2316 1323 amoeni:

554 1359 1070 1445 -Assuetumque
1100 1362 1341 1437 choriS,
1372 1366 1440 1425 et
1466 1362 1622 1425 laeta
1648 1360 1843 1442 plebe
1873 1366 2212 1437 canorum,

574 1492 821 1543 distribuit
845 1493 1031 1541 scelera.
1097 1492 1172 1541 Hi
1192 1493 1462 1554 irrumpunt
1480 1506 1567 1553 per
1588 1494 1780 1540 dorsum
1796 1492 2056 1553 glaciatam
2085 1492 2202 1540 Istra·
2215 1492 2448 1554 furentis,
2480 1499 2528 1543 et
2550 1498 2773 1557 rumpuat

574 1556 789 1605 cun-ibus
808 1572 951 1618 aquas
972 1561 1093 1604 aute
1114 1561 1323 1605 tentatas
1342 1556 1584 1616 remigiis.-
1605 1556 1679 1603 ἰαὶ
1695 1571 1786 1618 per
1804 1558 1960 1604 aditus
1981 1556 2191 1618 Caspios,
2205 1562 2253 1605 et
2267 1572 2358 1620 per
2371 1561 2503 1606 nives
2515 1560 2775 1621 Armenia,

574 1622 793 1669 conducti
813 1622 979 1668 semita
999 1620 1267 1682 improvisa,
1287 1621 1477 1667 irruant
1500 1620 1551 1666 in
1576 1620 1832 1681 Imperium
1865 1618 2096 1667 Orientis.
2162 1622 2276 1667 dam
2295 1629 2438 1683 prata
2463 1622 2773 1685 Cappadociae

562 1683 760 1743 fumant
783 1691 975 1745 strage,
1011 1688 1059 1731 et
1097 1684 1302 1745 Argaens
1332 1688 1471 1746 pater
1506 1698 1726 1744 equorum
1761 1684 2122 1731 celer-rimorum.
2188 1685 2304 1731 Jam
2325 1685 2483 1747 Halys
2511 1685 2773 1748 profundus

572 1748 778 1796 rubescit
798 1746 979 1795 cede:
1024 1760 1169 1807 neque
1209 1746 1345 1795 Cilix
1378 1751 1565 1795 tutatur
1601 1760 1652 1795 se
1685 1748 1883 1795 culmine
1903 1746 2146 1809 'abruptot
2188 1754 2346 1807 gratae
2381 1749 2594 1809 regiones
2614 1748 2772 1812 Syria

572 1812 885 1875 diripiantur,
921 1815 971 1859 et
1007 1822 1148 1873 equus
1182 1809 1399 1859 inimicus
1436 1812 1583 1859 calcat
1611 1810 1836 1859 Orontem
1868 1811 2085 1871 inertem,
2125 1815 2172 1859 et
2202 1818 2466 1860 consuetum
2487 1812 2685 1877 choreis,
2722 1818 2771 1861 et

1510 1937 1686 1957 ‘OONO
1692 1937 1866 1957 eecce&

572 2002 885 2052 Gordianis:
907 2004 923 2031 ⁸
946 2002 1070 2051 Illos
1096 2016 1218 2051 sane
1242 2014 1335 2051 xx.
1357 2007 1564 2051 senatus
1584 2003 1648 2050 ad
1669 2004 1767 2052 hoc
1792 2008 2077 2062 creaverat,
2093 2006 2152 2051 ut
2174 2001 2429 2052 divideret
2451 2003 2530 2052 his
2553 2004 2767 2053 italicas

570 2067 805 2129 regiones
836 2072 1017 2115 contra
1056 2066 1392 2114 Maximinum
1434 2081 1531 2129 pro
1566 2066 1843 2115 Gordianis
1885 2066 2122 2115 tuendae·
2166 2080 2218 2129 p.
2277 2072 2387 2117 166.
2439 2076 2494 2116 et
2542 2082 2770 2131 saepe.—

570 2134 636 2179 26
670 2131 985 2193 Imposuitque
1018 2128 1230 2179 Tholos.
1255 2129 1439 2187 feracis
1480 2132 1603 2178 Vat.
1647 2128 1754 2178 sec.
1781 2132 1968 2189 seroces
2008 2130 2215 2179 Tholos.
2255 2137 2424 2179 tamen
2450 2132 2600 2188 ferox
2638 2132 2770 2180 Rav-
2857 2158 2862 2167 ·

568 2195 718 2241 danus
740 2196 893 2243 Cous.
922 2196 969 2240 M
980 2195 1101 2241 anlii
1122 2208 1199 2241 vs.
1222 2198 1304 2241 53.
1328 2193 1426 2240 uisi
1448 2194 1519 2241 ibi
1541 2194 1991 2255 legendnmserax.
2017 2193 2156 2253 alibi,
2185 2196 2201 2220 ⁴
2219 2194 2494 2243 Subvectae
2518 2193 2768 2244 Rhodano

566 2258 817 2307 Tiberina
852 2272 945 2320 per
984 2258 1119 2306 ostia
1161 2257 1348 2306 classes
1400 2256 1516 2305 Nec
1554 2258 1696 2319 prius
1734 2257 1972 2305 inventas
2013 2256 2193 2305 Araris
2231 2258 2321 2305 tibi
2360 2258 2519 2306 donat
2547 2258 2767 2309 aristas]

567 2320 815 2370 Heinsius
852 2321 917 2369 ad
954 2336 1095 2369 oram
1131 2319 1303 2381 Lugd.
1342 2320 1469 2369 edit.
1513 2324 1790 2369 1548.-27
1837 2320 1979 2369 remis
2015 2320 2243 2370 Florent.
2279 2322 2478 2371 Thuan.
2517 2322 2766 2371 Pas—28

565 2388 722 2433 castra
764 2386 885 2433 Pat.
920 2386 1114 2433 Mor-et.
1157 2398 1262 2433 sec.
1304 2398 1334 2431 a
1373 2398 1441 2431 m.
1482 2398 1559 2446 pr.
1609 2386 1760 2433 lustra
1783 2399 1943 2447 marg.
1966 2384 2286 2447 lsingr.—-2o
2317 2384 2470 2435 limite
2494 2386 2764 2435 Pria—31

568 2448 762 2509 Egevms
783 2450 909 2497 Lov.
935 2464 964 2496 a
988 2464 1054 2496 m.
1081 2462 1160 2510 pr.
1192 2462 1411 2509 equarum
1432 2448 1553 2497 Vat.
1580 2462 1686 2496 sec.
1713 2448 1877 2497 Oisel.
1915 2462 2144 2509 uquarum
2179 2448 2350 2496 Oxou.
2374 2464 2449 2513 pr.
2473 2464 2501 2495 a
2526 2465 2592 2497 m.
2618 2464 2766 2512 pr.—

566 2514 629 2560 32
663 2513 791 2559 inme
811 2513 921 2560 Alis
942 2513 1113 2561 Oxon.
1138 2526 1217 2574 pr.
1239 2513 1359 2561 Alia:
1381 2511 1527 2560 Leid.
1552 2526 1658 2561 sec.
1685 2512 1817 2559 Exc.
1839 2512 2060 2561 Gevart.
2093 2513 2184 2559 alis
2204 2512 2374 2561 vicet.
2397 2512 2545 2562 Leid.
2571 2512 2765 2563 Lovan.

562 2575 696 2623 intus
716 2576 800 2623 vel
821 2578 946 2623 altus
965 2578 1085 2625 Vat.
1111 2576 1275 2637 quim.
1312 2575 1440 2623 inlu
1460 2576 1585 2625 Vat.
1609 2574 1736 2635 duo,
1766 2584 1820 2623 et
1845 2574 2064 2623 totidem
2095 2575 2240 2623 Med.
2264 2576 2388 2623 Lov.
2412 2576 2532 2624 Pat.
2555 2574 2604 2625 T
2605 2575 2764 2625 holos.

563 2638 678 2687 Pal.
702 2639 856 2688 Farn-
881 2640 1048 2688 Oisel.
1072 2640 1201 2701 Reg.
1224 2640 1420 2687 Mazar.
1443 2638 1545 2687 duo
1570 2640 1754 2687 Petav.
1789 2638 1942 2687 ambo
1964 2638 2155 2687 Moret.
2178 2638 2280 2687 duo
2305 2638 2485 2689 Ambr.
2511 2640 2656 2687 Leid.
2680 2655 2762 2701 pr.

562 2708 621 2751 et
642 2718 771 2751 unus
795 2703 1019 2764 Heinsii,
1056 2704 1143 2766 qui
1166 2702 1287 2751 inde
1308 2703 1623 2765 conjiciebat
1645 2704 1938 2751 Indum—33
1973 2717 2164 2751 avnoenoe
2188 2703 2318 2764 legit
2337 2700 2472 2751 idem
2499 2702 2764 2763 Heinsius,

564 2766 653 2831 qui
676 2774 733 2815 et
751 2773 868 2828 post
886 2782 1105 2814 canorum
1124 2781 1323 2814 versum
1342 2766 1522 2815 deesse
1546 2768 1858 2828 suspicatur.
1883 2772 2061 2814 montes
2077 2780 2169 2827 pro
2193 2770 2370 2813 tractus
2385 2780 2548 2827 marg.
2574 2766 2764 2830 Isingr.

561 2834 691 2879 —34
724 2844 937 2879 morum
959 2830 1101 2878 Pric.
1124 2830 1269 2879 Leid.
1286 2829 1451 2894 pkoebe
1475 2844 1636 2893 marg.
1660 2830 1848 2879 Mor-in.
1873 2833 1919 2876 εί
1941 2830 2048 2875 lotoe
2069 2829 2194 2877 Var.
2219 2828 2320 2881 LL.
2347 2829 2428 2878 ed.
2451 2827 2610 2877 AntV.
2637 2845 2668 2878 a
2689 2846 2761 2879 m.

1146 2964 1153 2971 .
1550 2925 1599 2973 N
1605 2924 1772 2973 oTAE

623 3008 690 3053 26
724 3005 1067 3068 Disposuitque
1107 3004 1265 3067 nefas]
1331 3004 1624 3053 Constituit
1694 3004 1889 3052 Divum
1925 3003 2036 3053 Has
2071 3002 2262 3052 evertit
2295 3016 2438 3068 opes,
2470 3003 2756 3069 sternitque

558 3084 619 3127 ut
640 3080 803 3127 scelus
824 3095 988 3142 suum,
1023 3095 1115 3129 seu
1146 3080 1336 3128 bellum
1361 3077 1614 3127 nefarium
1694 3094 1726 3127 a
1747 3080 1970 3128 culmine
1991 3079 2236 3143 'Projam.'

557 3168 587 3202 a
610 3168 666 3205 se
689 3156 993 3217 excitatum,
1028 3172 1131 3205 una
1162 3170 1276 3204 cum
1312 3156 1544 3205 cladibus
1583 3172 1615 3203 a
1737 3159 1795 3203 31
1823 3155 2051 3216 Argaeus]
2076 3155 2228 3203 Mons
2245 3155 2590 3218 Cappadociae
2607 3171 2764 3220 equo·

560 3228 735 3289 Getis,
778 3244 809 3278 a
830 3245 884 3280 se
926 3231 1125 3291 accitis,
1166 3239 1498 3293 spargeretur
1520 3244 1614 3293 per
1697 3245 1808 3280 rum
1846 3230 2155 3293 pernicitate
2185 3232 2438 3281 celebris:
2491 3232 2759 3295 Cappado-

554 3306 847 3367 provincias
870 3312 927 3354 et
949 3306 1104 3354 urbes
1124 3320 1318 3355 omnes.
1697 3308 1781 3357 cia
1803 3320 1974 3369 porro,
1997 3306 2141 3370 regio
2164 3305 2304 3355 Asiae
2341 3307 2550 3355 minoris
2579 3321 2756 3355 versus

619 3384 683 3431 2⁷
717 3383 953 3444 Danubii]
1003 3384 1104 3431 Seu
1137 3382 1292 3431 Istri:
1326 3380 1511 3432 fluvius
1534 3390 1618 3432 est
1696 3384 1942 3442 Pontum,
1963 3380 2174 3444 optimis
2195 3388 2250 3429 et
2273 3380 2478 3444 pascuis
2517 3386 2572 3429 et
2611 3380 2754 3445 equis

552 3457 805 3506 iunximus
848 3458 1100 3520 Europae:
1167 3457 1332 3506 oritur
1390 3472 1454 3505 ex
1501 3458 1615 3506 vico
1695 3440 1942 3507 abundat.
1986 3482 1992 3488 ·

552 3532 993 3601 'Vittembe-rgensi
1014 3549 1027 3581 ε
1064 3530 1118 3581 se
1142 3538 1384 3581 exonerat
1407 3532 1457 3581 in
1480 3532 1617 3581 Pon·
1758 3536 1822 3581 ³2
1858 3530 2034 3595 Halys]
2069 3530 2278 3580 Fluvius
2304 3545 2368 3579 ex
2384 3531 2557 3580 Tauro
2581 3536 2755 3581 monte

550 3613 663 3657 tum
686 3608 961 3657 Euxinum.
1695 3622 1936 3657 nascens:
1961 3608 2111 3655 alluit
2125 3607 2759 3669 Cappadociam,Syriam,

616 3688 681 3732 28
716 3684 892 3747 Caspia
912 3685 1141 3747 claustra]
1194 3684 1384 3734 Aditus
1406 3685 1609 3747 Caspiae
1689 3683 2110 3746 Paphlagoniam.

550 3757 797 3821 regionis,
830 3758 1021 3820 Caspio
1046 3760 1173 3807 mari
1196 3760 1410 3809 vicinae:
1446 3760 1610 3807 claus-
1754 3756 1949 3819 Iniquo]
1995 3754 2227 3818 Difficili,
2257 3753 2532 3817 salebroso,
2569 3754 2755 3816 arduo,

551 3838 637 3881 tra
675 3832 760 3880 alii
785 3842 973 3881 vocant
1010 3835 1216 3891 κλεῖδας,
1252 3835 1423 3893 claves,
1459 3832 1609 3893 regni
1687 3831 1928 3893 abrupto.
2486 3857 2495 3867 -

476 3903 484 3909 ’
547 3904 786 3970 alicujus.
1753 3909 1816 3953 88
1853 3904 2012 3966 Cilix]
2065 3905 2268 3953 Tarirns
2323 3918 2468 3953 mons
2529 3904 2753 3966 Ciliciae,

612 3984 681 4031 ²0
712 3983 1053 4045 Armeniasque
1071 3982 1225 4044 nives]
1260 3984 1507 4031 Armenia
1528 3996 1608 4031 re·
1691 3994 1806 4045 quae
1829 3986 1910 4029 eat
1931 3980 1982 4028 in
2003 3979 2127 4028 Asia
2151 3980 2364 4029 minore.

548 4056 637 4119 gio
655 4066 738 4106 est
757 4057 917 4107 Asiae.
1751 4054 1932 4118 Syrie]
1965 4054 2098 4103 Haec
2133 4060 2212 4103 est
2230 4055 2378 4118 regio
2400 4054 2598 4104 Ciliciae
2627 4066 2752 4103 con·

612 4134 679 4179 8⁰
714 4131 930 4181 &ie-tis
944 4132 1080 4195 opes]
1108 4131 1173 4179 Id
1192 4140 1294 4193 est,
1325 4133 1607 4195 Imperium
1687 4131 1925 4180 termina.

548 4205 803 4259 Orientis.
888 4207 1163 4271 Virgilius:
1226 4208 1243 4234 ‘
1276 4207 1610 4258 inclementia
1749 4208 1816 4255 u
1845 4207 2180 4269 musque
2195 4205 2374 4270 choris]
2392 4194 2600 4269 Syri‚et
2617 4218 2754 4268 pre·
