3184 4967
510 400 644 474 198
1248 422 1362 468 οι..
1394 419 1822 468 cunnum
1874 418 1975 467 vl.

514 568 695 634 Nam
723 573 931 652 pater,
960 587 1243 633 excusso
1275 567 1477 631 saluit
1499 587 1649 630 cum
1674 567 1956 656 tegmine
1987 567 2234 648 proleS,

600 669 881 754 Ovaque
909 677 1245 734 maternus
1275 671 1451 752 rupit
1478 669 1699 732 hiulca
1725 674 1933 750 tepor,

515 771 829 835 Protinus
858 770 1209 855 implumes
1241 771 1571 834 convertit
1604 768 1691 832 ad
1725 768 1975 830 aethera
1993 767 2213 842 nidos,
2663 767 2712 831 5

602 872 687 936 Et
708 876 891 936 recto
920 873 1219 935 flammas
1246 874 1534 954 imperat
1563 889 1676 933 ore
1704 872 1868 953 pati.

517 970 822 1037 Consulit
850 973 1161 1036 ardentes
1190 971 1441 1049 radioS‚
1472 977 1541 1034 et
1572 973 1724 1034 luce
1751 971 2066 1051 magistra

606 1073 934 1137 Natorum
962 1075 1137 1137 vires
1180 1072 1642 1156 ingeniumque
1671 1072 1934 1153 probat.

518 1173 895 1256 Degeneres
922 1175 1148 1256 refugo
1175 1175 1365 1238 torsit
1393 1174 1506 1257 qui
1532 1173 1778 1237 lumine
1809 1174 2020 1248 visuS‚

604 1274 955 1359 Unguibus
980 1278 1150 1340 hunc
1180 1277 1383 1340 saevis
1411 1277 1509 1340 ira
1536 1280 1814 1358 paterna
1840 1275 2010 1358 ferit.
2624 1275 2714 1340 10

525 1489 661 1538 Coeli.
731 1489 921 1538 Etenim
939 1495 1095 1552 poter,
1132 1505 1235 1537 cum
1248 1488 1421 1537 soboles
1442 1489 1638 1536 exsiluit
1671 1493 1808 1550 rupto
1842 1485 2098 1551 putamine,
2119 1492 2166 1536 et
2198 1488 2325 1536 calor
2361 1488 2531 1536 matris
2553 1487 2717 1548 freti?

516 1569 601 1602 ora
620 1551 926 1615 dehiscentia,
960 1555 1125 1602 statim
1142 1555 1285 1602 vertit
1307 1555 1367 1602 ad
1393 1555 1569 1601 Coelum
1606 1553 1755 1614 pullos
1777 1554 1979 1600 nondum
2001 1554 2349 1614 plumescentes,
2369 1569 2425 1600 ac
2449 1552 2588 1612 jubet
2621 1553 2713 1602 hos

518 1619 745 1666 sustinere
765 1618 925 1679 ignem
940 1618 1073 1666 Solis
1094 1618 1386 1681 oculisfim.
1454 1617 1701 1664 Consultat
1723 1617 1884 1664 radios
1915 1618 2092 1676 igneos,
2127 1622 2173 1664 et
2212 1613 2456 1680 experitur
2491 1619 2713 1666 virtutem

520 1686 568 1729 et
587 1682 790 1730 indolem
813 1682 1050 1746 filiorum,
1086 1682 1195 1730 Sole
1221 1682 1486 1742 J'udicante.
1556 1682 1656 1736 Qui
1679 1682 1850 1743 pullus
1885 1683 2169 1741 degenerans
2203 1681 2378 1730 avertit
2411 1682 2582 1737 oculos,
2613 1683 2718 1730 acie

521 1745 804 1809 refugiente,
824 1746 1069 1794 iracundia
1102 1748 1259 1808 putris
1288 1746 1497 1794 verberat
1526 1746 1649 1794 hunc
1683 1746 1919 1806 unguibus
1950 1746 2149 1806 rigidis3
2179 1746 2261 1808 qui
2299 1761 2406 1794 tero
2441 1760 2604 1808 passus
2645 1751 2714 1797 est

1444 1880 1796 1901 OROOO‘OOOO&

524 1978 667 2028 tertio
692 1979 950 2026 Consulatu
979 1979 1196 2029 Honor-ii.
1243 1980 1295 2028 in
1320 1980 1539 2030 Lucensi
1564 1995 1666 2029 sec.
1692 1987 1806 2030 erat
1840 1981 2167 2045 Panegyricus
2201 1982 2260 2029 de
2295 1980 2438 2027 tertio
2463 1980 2719 2028 Consulatu

526 2042 749 2091 Honorii.
796 2043 996 2102 eiusdem
1034 2043 1185 2102 Proef.
1242 2045 1552 2093 Petavianus
1591 2061 1668 2108 ρι’.
1707 2046 2017 2108 simpliciter
2049 2046 2260 2093 exhibet
2299 2045 2490 2093 Tertius
2513 2043 2720 2091 Honorii

530 2108 829 2154 Consulatus.
879 2107 997 2155 dein
1019 2121 1172 2156 manu
1190 2109 1479 2158 recentiore
1497 2111 1569 2157 ct.
1592 2110 1850 2157 Claudiani
1874 2109 2104 2165 Praesatio
2128 2109 2180 2156 in
2202 2110 2396 2156 tertium
2417 2107 2723 2156 Consulatum
2799 2139 2808 2146 ·

526 2170 735 2219 Honorii
755 2171 884 2230 Aug.
951 2172 1145 2220 Lovan.
1170 2172 1345 2233 habet,
1370 2173 1547 2234 Incipit
1572 2174 1898 2236 Panegyricus
1913 2175 1969 2220 de
1988 2174 2130 2223 tertio
2156 2173 2428 2220 Consulatu.
2466 2171 2720 2230 Praefatio.

593 2240 617 2283 l
653 2249 774 2282 nunc
796 2235 909 2284 Pal.
946 2250 1038 2283 non
1060 2235 1229 2294 estfos
1248 2237 1421 2298 aquilis
1444 2238 1670 2286 Fici-ent.
1691 2239 1821 2296 Reg.
1846 2239 1970 2286 Vat.
1996 2245 2117 2287 tert.
2143 2240 2293 2286 Rott.
2317 2236 2489 2284 Oxou.
2515 2251 2592 2298 pr.
2625 2251 2720 2284 non

526 2299 703 2361 aquilis
722 2303 792 2346 est
802 2298 889 2357 fas
902 2299 1047 2348 Med.
1073 2307 1193 2348 tert.
1249 2308 1541 2350 contemnere
1562 2300 1710 2350 Prim·
1758 2303 1948 2350 educere
1989 2303 2134 2350 Rott.
2187 2303 2442 2363 producere
2480 2301 2601 2350 Jun.
2637 2314 2719 2361 pr.

524 2365 751 2411 deducere
766 2361 936 2411 Oxou.
962 2378 1040 2425 pr.
1069 2365 1320 2426 producere
1343 2366 1427 2413 vel
1448 2368 1642 2415 educere
1666 2365 1841 2414 Oxou.
1873 2371 2077 2414 sem—2
2110 2365 2421 2426 indiciumque
2451 2365 2572 2412 Vat.
2598 2370 2722 2414 tert.

529 2426 745 2476 Pan—3
779 2441 965 2475 excusso
986 2428 1019 2477 J
1027 2443 1109 2476 un.
1133 2443 1213 2490 pr.
1235 2429 1333 2477 duo
1358 2429 1527 2478 Oxou.
1579 2445 1746 2480 excuso
1766 2431 1980 2491 Raphel.
1997 2431 2228 2493 Dempst.
2262 2445 2414 2476 ecusso
2449 2429 2570 2476 Var.
2611 2428 2718 2475 LL.

533 2490 615 2540 ed.
638 2490 796 2540 Antv.
848 2492 993 2540 saluit
1014 2492 1157 2542 Med.
1194 2499 1314 2542 tert.
1342 2494 1473 2544 Exc.
1508 2495 1728 2544 Lucem.
1752 2493 1856 2542 s'ec.
1901 2496 2032 2542 saliit
2070 2495 2228 2543 Gesn.
2252 2501 2308 2542 et
2345 2495 2460 2554 Bip.
2507 2492 2722 2552 genuine

528 2555 757 2620 quinque
794 2555 917 2603 vat.
960 2555 1073 2606 Pal.
1108 2557 1261 2606 Farn.
1297 2557 1439 2606 Prie.
1481 2561 1698 2620 gramine
1732 2559 1876 2607 Med.
1917 2565 2087 2622 quart.
2133 2559 2276 2606 Rott.
2321 2558 2503 2605 incert.
2541 2555 2724 2606 HeinS.

526 2620 734 2680 tegmine
757 2625 861 2668 vet.
900 2620 1031 2682 Gyr.
1067 2619 1230 2669 Oisei.
1274 2621 1521 2682 fragmine
1561 2625 1644 2671 vel
1688 2623 1897 2683 segmine
1941 2623 2250 2686 conjiciebat
2295 2621 2560 2681 HeinsiuS,
2597 2620 2723 2669 item

520 2689 737 2733 maturus
758 2697 853 2747 pro
872 2691 1133 2733 matur-nus.
1174 2685 1416 2734 Heinsius
1435 2700 1589 2749 porro
1613 2689 2114 2750 ascripserat‘iocum
2139 2677 2328 2735 Lucani
2359 2690 2390 2734 Ι.
2417 2698 2497 2734 ix.
2523 2689 2723 2735 imm.

529 2747 780 2811 Antigon.
808 2749 1001 2798 Hister.
1025 2750 1255 2799 Min-abu.
1276 2766 1323 2800 c.
1342 2754 1424 2802 52.
1453 2752 1633 2800 Tzetz.
1657 2751 1874 2800 Chiiiad.
1899 2767 1948 2813 p.
1971 2756 2086 2802 238.
2129 2753 2308 2802 AElian.
2328 2751 2526 2800 Hister.
2548 2749 2724 2800 Anim-

532 2812 774 2874 Apostol.
798 2814 1010 2862 Centur.
1054 2829 1163 2874 par.
1188 2819 1269 2863 62.
1304 2821 1359 2862 et
1379 2815 1574 2865 Julian.
1612 2817 1780 2879 Epist.
1807 2823 2020 2864 xvh—5
2055 2818 2189 2864 nidos
2222 2818 2353 2878 Reg.
2377 2830 2490 2863 cum
2537 2813 2726 2863 Glossa

525 2875 564 2924 i.
582 2890 631 2925 e.
650 2877 817 2939 pullos.
850 2882 986 2925 natos
1007 2877 1203 2926 Mazar.
1226 2878 1430 2926 Thalos.
1460 2879 1589 2928 Exc.
1615 2881 1742 2929 Cod.
1767 2880 1954 2930 Rhem.
1985 2881 2120 2930 nidos
2153 2881 2236 2928 vel
2267 2881 2416 2943 pullos
2439 2879 2622 2927 Petav.
2647 2892 2724 2940 pr.

532 2939 704 2989 Oxou.
730 2946 908 3002 pr.—6
936 2940 1046 3002 pari
1064 2956 1156 3003 pro
1179 2943 1299 3003 pati.
1346 2943 1413 2990 Et
1436 2949 1562 2991 recto
1565 2945 1808 3006 flammas,
1830 2947 1907 3006 δῖε.
1956 2943 2204 2998 ,Heinsius
2225 2945 2534 3006 ascripserat
2558 2943 2725 2991 locum

528 3003 783 3052 Prisciani
807 3004 854 3051 in
879 3004 1088 3066 Perieg.
1110 3009 1220 3053 395.
1254 3007 1268 3030 ‘
1294 3005 1698 3069 Luminibusque
1731 3008 1908 3056 vident
1946 3009 2104 3057 rectis
2125 3008 2385 3074 (mirabile
2406 3008 2447 3070 !)
2470 3005 2726 3056 solem!—

527 3070 559 3114 ¹!
592 3068 933 3126 magisterinc.
960 3067 1237 3116 Heins.-—8
1274 3069 1510 3118 Natorum
1533 3073 1719 3134 viginti
1747 3073 1910 3120 codd.
1948 3071 2074 3122 Exc.
2116 3074 2332 3122 Gevart.
2379 3073 2595 3120 LucenS.
2641 3083 2724 3133 pr.

528 3130 611 3178 ed.
634 3129 813 3177 Parni.
840 3137 895 3178 et
914 3131 1090 3180 Vicet.
1138 3138 1365 3198 naturum·
1394 3149 1549 3197 ninrg.
1584 3137 1893 3185 Marah—9
1949 3138 2220 3198 Degeneres
2259 3138 2388 3186 Lov.
2433 3137 2552 3186 Ald.
2594 3135 2724 3184 Exc-

531 3193 745 3268 Geyart.
790 3196 1077 3254 Degenerem
1092 3196 1235 3246 Med.
1259 3205 1424 3261 quart.
1460 3200 1657 3249 Bonon.
1690 3201 1888 3249 Timan.
1925 3201 2101 3250 Ambr.
2141 3217 2219 3263 ρι’.
2257 3202 2449 3251 Moret.
2489 3215 2593 3249 sec.
2625 3199 2727 3248 inc.

530 3257 712 3308 Hans.
736 3258 921 3308 Petav.
945 3258 1065 3321 duo,
1088 3260 1229 3310 Prie.
1253 3270 1355 3308 tres
1379 3263 1557 3312 Barth.
1583 3271 1637 3312 et
1673 3266 1808 3314 Var.
1835 3266 1942 3316 LL.
1991 3267 2076 3314 ed.
2111 3267 2267 3314 Antv.
2318 3267 2538 3327 Degener
2569 3270 2617 3314 et
2653 3278 2728 3312 re-

518 3319 646 3398 fugo
667 3321 857 3398 Isi-ngr.
884 3323 1052 3374 Pulm.
1083 3324 1283 3389 Gryph.
1317 3326 1521 3390 profugo
1563 3329 1703 3378 Prie.
1749 3329 1828 3392 qui
1867 3329 2006 3378 torsit
2047 3331 2277 3381 Florem.
2315 3329 2429 3379 Pal.
2467 3328 2609 3378 Med.
2647 3342 2727 3391 pr.

532 3391 669 3435 torsit
699 3402 743 3433 st
778 3401 878 3436 inc.
905 3387 1089 3436 Heins.
1130 3390 1280 3438 visum
1298 3391 1531 3441 Florent.
1554 3394 1696 3442 Med.
1721 3400 1844 3443 tert.
1877 3395 2002 3442 Exc.
2039 3396 2257 3444 Lucens.
2295 3409 2401 3444 sec.
2453 3397 2729 3454 degenerem

531 3451 681 3502 visum
700 3452 823 3501 Vat.
850 3466 928 3514 ρι’.
951 3453 1094 3503 Prie.
1143 3455 1507 3520 Degenereeque
1532 3456 1672 3519 fugit
1705 3459 1785 3520 qui
1811 3461 1951 3507 torsit
1983 3460 2018 3506 l.
2041 3459 2167 3507 visus
2188 3459 2310 3510 Jun.
2353 3463 2564 3523 piu—10
2595 3457 2729 3526 feris

1532 3583 1744 3668 No'rAE

597 3742 630 3790 2
660 3740 952 3807 Antefldem
972 3742 1119 3807 Solis]
1182 3741 1482 3810 Antequam
1505 3760 1590 3794 ex·
1738 3751 1766 3794 ὅ
1817 3743 1993 3806 Νίάωι]
2058 3745 2258 3806 Pullos,
2281 3743 2368 3808 qni
2388 3743 2441 3792 in
2463 3742 2582 3792 nido
2607 3756 2730 3792 con·-

531 3816 740 3880 plorent
784 3816 937 3868 fidem
979 3821 1255 3881 pullorum,
1296 3813 1591 3869 testimonio
1675 3821 1938 3869 tinenturz
1975 3828 2186 3884 tumque
2229 3819 2434 3882 ponitur
2456 3819 2730 3867 continens

532 3893 665 3941 Solis
700 3900 757 3941 et
790 3893 953 3954 Coeli;
1000 3896 1110 3944 sive
1157 3902 1434 3960 antequam
1476 3911 1592 3944 exa·
1677 3910 1770 3958 pro
1794 3905 2064 3944 contento:
2105 3896 2242 3960 quod
2277 3904 2357 3944 est
2384 3895 2560 3944 Poetis
2583 3893 2730 3942 fami-

534 3969 732 4018 minent
755 3984 820 4018 an
858 3971 981 4032 pulli
1006 3969 1168 4019 futuri
1192 3972 1295 4020 sint
1318 3971 1501 4021 fideles
1537 3973 1591 4020 in
1675 3973 1816 4022 liare.
1883 3973 1971 4021 Sic
2009 3973 2258 4036 Virgilius
2276 3988 2291 4019 ·.
2319 3975 2340 4000 ‘
2367 3973 2620 4035 Nidisque
2659 3970 2730 4018 lo-

534 4043 834 4106 aspiciendo
851 4041 987 4108 Sole,
1007 4054 1151 4095 recta
1174 4047 1285 4096 acie
1308 4049 1589 4097 oculorum.
1673 4050 1918 4114 quacibus
1943 4049 2152 4097 escam.’
2195 4049 2274 4096 De
2297 4047 2671 4098 hirundinibus.

599 4123 629 4166 3
672 4121 879 4169 Excusso
900 4122 1126 4184 tegmine]
1186 4123 1370 4172 Fracto
1391 4125 1473 4174 ovi
1498 4139 1591 4188 ριι-
1740 4129 1801 4176 10
1836 4125 1998 4188 Ferit]
2030 4123 2259 4174 Occidit.

538 4196 750 4259 tamine,
774 4197 828 4245 in
852 4212 952 4262 quo
974 4208 1087 4247 erat
1112 4214 1339 4264 germen.
1740 4197 1746 4204 ’
