<?xml version="1.0" encoding="UTF-8"?>
<!DOCTYPE html PUBLIC "-//W3C//DTD XHTML 1.0 Transitional//EN"
    "http://www.w3.org/TR/xhtml1/DTD/xhtml1-transitional.dtd">
<html xmlns="http://www.w3.org/1999/xhtml" xml:lang="en" lang="en">
 <head>
  <title>
</title>
<meta http-equiv="Content-Type" content="text/html;charset=utf-8" />
  <meta name='ocr-system' content='tesseract 3.04.00' />
  <meta name='ocr-capabilities' content='ocr_page ocr_carea ocr_par ocr_line ocrx_word'/>
</head>
<body>
  <div class='ocr_page' id='page_1' title='image "./operaomnia00claugoog_0286.png"; bbox 0 0 3184 4967; ppageno 0'>
   <div class='ocr_carea' id='block_1_1' title="bbox 584 383 2102 451">
    <p class='ocr_par' dir='ltr' id='par_1_1' title="bbox 584 383 2102 451">
     <span class='ocr_line' id='line_1_1' title="bbox 584 383 2102 451; baseline 0.005 -20"><span class='ocrx_word' id='word_1_1' title='bbox 584 383 739 451; x_wconf 64' lang='lat'><strong>,274</strong></span> <span class='ocrx_word' id='word_1_2' title='bbox 1272 394 1417 441; x_wconf 70' lang='lat' dir='ltr'><strong>cn.</strong></span> <span class='ocrx_word' id='word_1_3' title='bbox 1460 390 1888 441; x_wconf 69' lang='lat' dir='ltr'><strong>CLAUDIAM</strong></span> <span class='ocrx_word' id='word_1_4' title='bbox 1939 390 2102 439; x_wconf 81' lang='lat' dir='ltr'><strong>vnr.</strong></span> 
     </span>
    </p>
   </div>
   <div class='ocr_carea' id='block_1_2' title="bbox 596 532 2803 1426">
    <p class='ocr_par' dir='ltr' id='par_1_2' title="bbox 608 532 2324 623">
     <span class='ocr_line' id='line_1_2' title="bbox 608 532 2324 623; baseline -0.005 -16"><span class='ocrx_word' id='word_1_5' title='bbox 608 542 775 607; x_wconf 82' lang='lat' dir='ltr'><strong>Dux</strong></span> <span class='ocrx_word' id='word_1_6' title='bbox 804 545 1004 623; x_wconf 80' lang='lat' dir='ltr'><strong>gerat,</strong></span> <span class='ocrx_word' id='word_1_7' title='bbox 1035 538 1339 605; x_wconf 88' lang='lat' dir='ltr'><strong>ostendat</strong></span> <span class='ocrx_word' id='word_1_8' title='bbox 1368 534 1710 601; x_wconf 80' lang='lat' dir='ltr'><strong>Gallorum</strong></span> <span class='ocrx_word' id='word_1_9' title='bbox 1739 540 1951 617; x_wconf 83' lang='lat' dir='ltr'><strong>strage</strong></span> <span class='ocrx_word' id='word_1_10' title='bbox 1981 532 2324 600; x_wconf 77' lang='lat' dir='ltr'><strong>Camillus.</strong></span> 
     </span>
    </p>

    <p class='ocr_par' dir='ltr' id='par_1_3' title="bbox 608 636 2222 709">
     <span class='ocr_line' id='line_1_3' title="bbox 608 636 2222 709; baseline -0.007 -1"><span class='ocrx_word' id='word_1_11' title='bbox 608 644 908 709; x_wconf 86' lang='lat' dir='ltr'><strong>Discitur</strong></span> <span class='ocrx_word' id='word_1_12' title='bbox 933 641 1089 705; x_wconf 84' lang='lat' dir='ltr'><strong>hinc</strong></span> <span class='ocrx_word' id='word_1_13' title='bbox 1118 638 1337 702; x_wconf 90' lang='lat' dir='ltr'><strong>nullos</strong></span> <span class='ocrx_word' id='word_1_14' title='bbox 1365 636 1616 700; x_wconf 85' lang='lat' dir='ltr'><strong>meritis</strong></span> <span class='ocrx_word' id='word_1_15' title='bbox 1641 636 1959 699; x_wconf 89' lang='lat' dir='ltr'><strong>obsistere</strong></span> <span class='ocrx_word' id='word_1_16' title='bbox 1987 644 2222 701; x_wconf 62' lang='lat' dir='ltr'><strong>casus}</strong></span> 
     </span>
    </p>

    <p class='ocr_par' dir='ltr' id='par_1_4' title="bbox 596 736 2794 925">
     <span class='ocr_line' id='line_1_4' title="bbox 596 736 2794 825; baseline -0.002 -18"><span class='ocrx_word' id='word_1_17' title='bbox 596 744 933 825; x_wconf 72' lang='lat' dir='ltr'><strong>Prorogat</strong></span> <span class='ocrx_word' id='word_1_18' title='bbox 960 749 1273 805; x_wconf 86' lang='lat' dir='ltr'><strong>aeternam</strong></span> <span class='ocrx_word' id='word_1_19' title='bbox 1302 738 1523 801; x_wconf 86' lang='lat' dir='ltr'><strong>feritas</strong></span> <span class='ocrx_word' id='word_1_20' title='bbox 1550 738 1675 800; x_wconf 91' lang='lat' dir='ltr'><strong>tibi</strong></span> <span class='ocrx_word' id='word_1_21' title='bbox 1706 736 1964 800; x_wconf 90' lang='lat' dir='ltr'><strong>Punica</strong></span> <span class='ocrx_word' id='word_1_22' title='bbox 1991 737 2264 811; x_wconf 87' lang='lat' dir='ltr'><strong>famam,</strong></span> <span class='ocrx_word' id='word_1_23' title='bbox 2655 738 2794 802; x_wconf 75' lang='lat'><strong>410</strong></span> 
     </span>
     <span class='ocr_line' id='line_1_5' title="bbox 608 836 2278 925; baseline -0.005 -17"><span class='ocrx_word' id='word_1_24' title='bbox 608 843 909 925; x_wconf 84' lang='lat' dir='ltr'><strong>Regule:</strong></span> <span class='ocrx_word' id='word_1_25' title='bbox 955 858 1311 905; x_wconf 84' lang='lat' dir='ltr'><strong>successus</strong></span> <span class='ocrx_word' id='word_1_26' title='bbox 1342 843 1658 921; x_wconf 87' lang='lat' dir='ltr'><strong>superant</strong></span> <span class='ocrx_word' id='word_1_27' title='bbox 1681 838 1964 901; x_wconf 84' lang='lat' dir='ltr'><strong>adversa</strong></span> <span class='ocrx_word' id='word_1_28' title='bbox 1985 836 2278 903; x_wconf 88' lang='lat' dir='ltr'><strong>Catonis.</strong></span> 
     </span>
    </p>

    <p class='ocr_par' dir='ltr' id='par_1_5' title="bbox 608 940 2392 1023">
     <span class='ocr_line' id='line_1_6' title="bbox 608 940 2392 1023; baseline -0.003 -16"><span class='ocrx_word' id='word_1_29' title='bbox 608 942 905 1008; x_wconf 87' lang='lat' dir='ltr'><strong>Discitur</strong></span> <span class='ocrx_word' id='word_1_30' title='bbox 927 942 1106 1018; x_wconf 89' lang='lat' dir='ltr'><strong>hinc,</strong></span> <span class='ocrx_word' id='word_1_31' title='bbox 1152 943 1465 1023; x_wconf 86' lang='lat' dir='ltr'><strong>quantum</strong></span> <span class='ocrx_word' id='word_1_32' title='bbox 1492 945 1856 1021; x_wconf 80' lang='lat' dir='ltr'><strong>paupertas</strong></span> <span class='ocrx_word' id='word_1_33' title='bbox 1880 940 2105 1007; x_wconf 88' lang='lat' dir='ltr'><strong>sobria</strong></span> <span class='ocrx_word' id='word_1_34' title='bbox 2135 940 2392 1021; x_wconf 82' lang='lat' dir='ltr'><strong>possit:</strong></span> 
     </span>
    </p>

    <p class='ocr_par' dir='ltr' id='par_1_6' title="bbox 603 1040 2366 1129">
     <span class='ocr_line' id='line_1_7' title="bbox 603 1040 2366 1129; baseline -0.003 -20"><span class='ocrx_word' id='word_1_35' title='bbox 603 1045 877 1127; x_wconf 84' lang='lat' dir='ltr'><strong>Pauper</strong></span> <span class='ocrx_word' id='word_1_36' title='bbox 902 1048 1043 1107; x_wconf 85' lang='lat' dir='ltr'><strong>erat</strong></span> <span class='ocrx_word' id='word_1_37' title='bbox 1073 1040 1338 1118; x_wconf 82' lang='lat' dir='ltr'><strong>CuriuS,</strong></span> <span class='ocrx_word' id='word_1_38' title='bbox 1384 1040 1608 1121; x_wconf 87' lang='lat' dir='ltr'><strong>Reges</strong></span> <span class='ocrx_word' id='word_1_39' title='bbox 1637 1060 1789 1105; x_wconf 89' lang='lat' dir='ltr'><strong>cum</strong></span> <span class='ocrx_word' id='word_1_40' title='bbox 1816 1042 2104 1129; x_wconf 79' lang='lat' dir='ltr'><strong>vinceret</strong></span> <span class='ocrx_word' id='word_1_41' title='bbox 2131 1041 2366 1103; x_wconf 86' lang='lat' dir='ltr'><strong>armis:</strong></span> 
     </span>
    </p>

    <p class='ocr_par' dir='ltr' id='par_1_7' title="bbox 608 1138 2370 1228">
     <span class='ocr_line' id='line_1_8' title="bbox 608 1138 2370 1228; baseline -0.003 -19"><span class='ocrx_word' id='word_1_42' title='bbox 608 1146 887 1228; x_wconf 85' lang='lat' dir='ltr'><strong>Pauper·</strong></span> <span class='ocrx_word' id='word_1_43' title='bbox 908 1144 1277 1219; x_wconf 77' lang='lat' dir='ltr'><strong>FabriciuS,</strong></span> <span class='ocrx_word' id='word_1_44' title='bbox 1314 1138 1546 1225; x_wconf 86' lang='lat' dir='ltr'><strong>Pyrrhi</strong></span> <span class='ocrx_word' id='word_1_45' title='bbox 1578 1160 1730 1206; x_wconf 89' lang='lat' dir='ltr'><strong>cum</strong></span> <span class='ocrx_word' id='word_1_46' title='bbox 1759 1145 2091 1225; x_wconf 77' lang='lat' dir='ltr'><strong>sperneret</strong></span> <span class='ocrx_word' id='word_1_47' title='bbox 2118 1154 2370 1204; x_wconf 82' lang='lat' dir='ltr'><strong>aurum.</strong></span> 
     </span>
    </p>

    <p class='ocr_par' dir='ltr' id='par_1_8' title="bbox 610 1232 2803 1426">
     <span class='ocr_line' id='line_1_9' title="bbox 610 1232 2803 1317; baseline -0.002 -8"><span class='ocrx_word' id='word_1_48' title='bbox 610 1232 895 1317; x_wconf 69' lang='lat' dir='ltr'><strong>Sordida</strong></span> <span class='ocrx_word' id='word_1_49' title='bbox 922 1243 1242 1307; x_wconf 87' lang='lat' dir='ltr'><strong>Serranus</strong></span> <span class='ocrx_word' id='word_1_50' title='bbox 1256 1241 1455 1307; x_wconf 80' lang='lat' dir='ltr'><strong>flexit</strong></span> <span class='ocrx_word' id='word_1_51' title='bbox 1485 1242 1792 1307; x_wconf 84' lang='lat' dir='ltr'><strong>Dictator</strong></span> <span class='ocrx_word' id='word_1_52' title='bbox 1821 1248 2074 1307; x_wconf 80' lang='lat' dir='ltr'><strong>aratra:</strong></span> <span class='ocrx_word' id='word_1_53' title='bbox 2665 1238 2803 1306; x_wconf 82' lang='lat'><strong>415</strong></span> 
     </span>
     <span class='ocr_line' id='line_1_10' title="bbox 612 1342 2112 1426; baseline -0.004 -15"><span class='ocrx_word' id='word_1_54' title='bbox 612 1348 938 1411; x_wconf 82' lang='lat' dir='ltr'><strong>Lustratae</strong></span> <span class='ocrx_word' id='word_1_55' title='bbox 968 1346 1201 1409; x_wconf 87' lang='lat' dir='ltr'><strong>lictore</strong></span> <span class='ocrx_word' id='word_1_56' title='bbox 1228 1363 1431 1420; x_wconf 85' lang='lat' dir='ltr'><strong>casae,</strong></span> <span class='ocrx_word' id='word_1_57' title='bbox 1462 1343 1806 1426; x_wconf 85' lang='lat' dir='ltr'><strong>fascesque</strong></span> <span class='ocrx_word' id='word_1_58' title='bbox 1837 1342 2112 1424; x_wconf 84' lang='lat' dir='ltr'><strong>salignis</strong></span> 
     </span>
    </p>
   </div>
   <div class='ocr_carea' id='block_1_3' title="bbox 598 1490 2804 1940">
    <p class='ocr_par' dir='ltr' id='par_1_9' title="bbox 598 1490 2804 1940">
     <span class='ocr_line' id='line_1_11' title="bbox 598 1490 2800 1558; baseline -0.001 -15"><span class='ocrx_word' id='word_1_59' title='bbox 598 1494 862 1557; x_wconf 74' lang='lat' dir='ltr'><strong>patefaciat</strong></span> <span class='ocrx_word' id='word_1_60' title='bbox 880 1494 993 1558; x_wconf 78' lang='lat' dir='ltr'><strong>quid</strong></span> <span class='ocrx_word' id='word_1_61' title='bbox 1013 1493 1249 1543; x_wconf 83' lang='lat' dir='ltr'><strong>cunctatio</strong></span> <span class='ocrx_word' id='word_1_62' title='bbox 1262 1496 1553 1554; x_wconf 76' lang='lat' dir='ltr'><strong>perrumpat,</strong></span> <span class='ocrx_word' id='word_1_63' title='bbox 1592 1496 1648 1539; x_wconf 90' lang='lat' dir='ltr'><strong>et</strong></span> <span class='ocrx_word' id='word_1_64' title='bbox 1674 1490 1902 1550; x_wconf 79' lang='lat' dir='ltr'><strong>Camillus</strong></span> <span class='ocrx_word' id='word_1_65' title='bbox 1921 1492 2050 1539; x_wconf 77' lang='lat' dir='ltr'><strong>clade</strong></span> <span class='ocrx_word' id='word_1_66' title='bbox 2075 1490 2338 1554; x_wconf 74' lang='lat' dir='ltr'><strong>Gallorum,</strong></span> <span class='ocrx_word' id='word_1_67' title='bbox 2355 1492 2472 1555; x_wconf 78' lang='lat' dir='ltr'><strong>quid</strong></span> <span class='ocrx_word' id='word_1_68' title='bbox 2503 1490 2624 1541; x_wconf 75' lang='lat' dir='ltr'><strong>Dua·</strong></span> <span class='ocrx_word' id='word_1_69' title='bbox 2641 1490 2800 1550; x_wconf 75' lang='lat' dir='ltr'><strong>faciat</strong></span> 
     </span>
     <span class='ocr_line' id='line_1_12' title="bbox 606 1555 2801 1619; baseline 0 -12"><span class='ocrx_word' id='word_1_70' title='bbox 606 1558 873 1619; x_wconf 81' lang='lat' dir='ltr'><strong>infortuna</strong></span> <span class='ocrx_word' id='word_1_71' title='bbox 902 1561 1113 1607; x_wconf 79' lang='lat' dir='ltr'><strong>adversa.</strong></span> <span class='ocrx_word' id='word_1_72' title='bbox 1181 1558 1309 1605; x_wconf 82' lang='lat' dir='ltr'><strong>Hinc</strong></span> <span class='ocrx_word' id='word_1_73' title='bbox 1330 1556 1622 1616; x_wconf 77' lang='lat' dir='ltr'><strong>cognoscitur</strong></span> <span class='ocrx_word' id='word_1_74' title='bbox 1638 1556 1812 1605; x_wconf 85' lang='lat' dir='ltr'><strong>nullam</strong></span> <span class='ocrx_word' id='word_1_75' title='bbox 1833 1555 2094 1605; x_wconf 76' lang='lat' dir='ltr'><strong>Fortunam</strong></span> <span class='ocrx_word' id='word_1_76' title='bbox 2131 1558 2348 1605; x_wconf 81' lang='lat' dir='ltr'><strong>resistere</strong></span> <span class='ocrx_word' id='word_1_77' title='bbox 2375 1556 2564 1608; x_wconf 80' lang='lat' dir='ltr'><strong>virtuti.</strong></span> <span class='ocrx_word' id='word_1_78' title='bbox 2631 1555 2680 1605; x_wconf 86' lang='grc'><strong>0</strong></span> <span class='ocrx_word' id='word_1_79' title='bbox 2705 1556 2801 1607; x_wconf 68' lang='lat' dir='ltr'><strong>R·-</strong></span> 
     </span>
     <span class='ocr_line' id='line_1_13' title="bbox 603 1618 2804 1685; baseline -0.003 -12"><span class='ocrx_word' id='word_1_80' title='bbox 603 1623 733 1685; x_wconf 69' lang='lat' dir='ltr'><strong>gule,</strong></span> <span class='ocrx_word' id='word_1_81' title='bbox 762 1624 1016 1672; x_wconf 76' lang='lat' dir='ltr'><strong>crudelitas</strong></span> <span class='ocrx_word' id='word_1_82' title='bbox 1052 1620 1464 1680; x_wconf 66' lang='lat' dir='ltr'><strong>Carthaginiensis</strong></span> <span class='ocrx_word' id='word_1_83' title='bbox 1498 1624 1748 1681; x_wconf 84' lang='lat' dir='ltr'><strong>perpetuat</strong></span> <span class='ocrx_word' id='word_1_84' title='bbox 1781 1618 1874 1667; x_wconf 83' lang='lat' dir='ltr'><strong>tibi</strong></span> <span class='ocrx_word' id='word_1_85' title='bbox 1899 1620 2102 1679; x_wconf 76' lang='lat' dir='ltr'><strong>gloriam</strong></span> <span class='ocrx_word' id='word_1_86' title='bbox 2132 1620 2474 1683; x_wconf 83' lang='lat' dir='ltr'><strong>sempiternam.</strong></span> <span class='ocrx_word' id='word_1_87' title='bbox 2539 1618 2804 1678; x_wconf 79' lang='lat' dir='ltr'><strong>Infelicitas</strong></span> 
     </span>
     <span class='ocr_line' id='line_1_14' title="bbox 611 1680 2800 1748; baseline -0.001 -12"><span class='ocrx_word' id='word_1_88' title='bbox 611 1686 807 1736; x_wconf 84' lang='lat' dir='ltr'><strong>Catonis</strong></span> <span class='ocrx_word' id='word_1_89' title='bbox 819 1688 965 1735; x_wconf 79' lang='lat' dir='ltr'><strong>vincit</strong></span> <span class='ocrx_word' id='word_1_90' title='bbox 974 1684 1261 1743; x_wconf 76' lang='lat' dir='ltr'><strong>felicitatem</strong></span> <span class='ocrx_word' id='word_1_91' title='bbox 1284 1698 1500 1733; x_wconf 87' lang='lat' dir='ltr'><strong>omnem.</strong></span> <span class='ocrx_word' id='word_1_92' title='bbox 1562 1684 1695 1731; x_wconf 80' lang='lat' dir='ltr'><strong>Hinc</strong></span> <span class='ocrx_word' id='word_1_93' title='bbox 1714 1686 2008 1744; x_wconf 68' lang='lat' dir='ltr'><strong>cognoscitur</strong></span> <span class='ocrx_word' id='word_1_94' title='bbox 2029 1690 2254 1746; x_wconf 83' lang='lat' dir='ltr'><strong>quantum</strong></span> <span class='ocrx_word' id='word_1_95' title='bbox 2283 1690 2538 1748; x_wconf 73' lang='lat' dir='ltr'><strong>paupertas</strong></span> <span class='ocrx_word' id='word_1_96' title='bbox 2557 1680 2800 1733; x_wconf 77' lang='lat' dir='ltr'><strong>moderata</strong></span> 
     </span>
     <span class='ocr_line' id='line_1_15' title="bbox 606 1747 2802 1810; baseline -0.001 -12"><span class='ocrx_word' id='word_1_97' title='bbox 606 1752 763 1799; x_wconf 70' lang='lat' dir='ltr'><strong>valeat</strong></span> <span class='ocrx_word' id='word_1_98' title='bbox 776 1767 793 1799; x_wconf 90' lang='lat'><strong>.·</strong></span> <span class='ocrx_word' id='word_1_99' title='bbox 832 1750 1005 1799; x_wconf 84' lang='lat' dir='ltr'><strong>Curius</strong></span> <span class='ocrx_word' id='word_1_100' title='bbox 1042 1754 1146 1797; x_wconf 87' lang='lat' dir='ltr'><strong>erat</strong></span> <span class='ocrx_word' id='word_1_101' title='bbox 1184 1762 1381 1810; x_wconf 79' lang='lat' dir='ltr'><strong>pauper,</strong></span> <span class='ocrx_word' id='word_1_102' title='bbox 1411 1762 1515 1795; x_wconf 75' lang='lat' dir='ltr'><strong>cum</strong></span> <span class='ocrx_word' id='word_1_103' title='bbox 1542 1752 1784 1809; x_wconf 81' lang='lat' dir='ltr'><strong>superaret</strong></span> <span class='ocrx_word' id='word_1_104' title='bbox 1819 1747 1976 1809; x_wconf 78' lang='lat' dir='ltr'><strong>Reges</strong></span> <span class='ocrx_word' id='word_1_105' title='bbox 2016 1749 2064 1795; x_wconf 82' lang='lat' dir='ltr'><strong>vi</strong></span> <span class='ocrx_word' id='word_1_106' title='bbox 2108 1763 2357 1799; x_wconf 65' lang='lat' dir='ltr'><strong>armon-um.</strong></span> <span class='ocrx_word' id='word_1_107' title='bbox 2423 1748 2670 1798; x_wconf 76' lang='lat' dir='ltr'><strong>Fabricius</strong></span> <span class='ocrx_word' id='word_1_108' title='bbox 2687 1754 2802 1797; x_wconf 82' lang='lat' dir='ltr'><strong>erat</strong></span> 
     </span>
     <span class='ocr_line' id='line_1_16' title="bbox 600 1806 2795 1877; baseline -0 -16"><span class='ocrx_word' id='word_1_109' title='bbox 600 1829 797 1877; x_wconf 80' lang='lat' dir='ltr'><strong>pauper,</strong></span> <span class='ocrx_word' id='word_1_110' title='bbox 818 1830 925 1862; x_wconf 88' lang='lat' dir='ltr'><strong>cum</strong></span> <span class='ocrx_word' id='word_1_111' title='bbox 944 1818 1254 1861; x_wconf 83' lang='lat' dir='ltr'><strong>contemneret</strong></span> <span class='ocrx_word' id='word_1_112' title='bbox 1278 1827 1447 1861; x_wconf 84' lang='lat' dir='ltr'><strong>aurum</strong></span> <span class='ocrx_word' id='word_1_113' title='bbox 1474 1812 1670 1874; x_wconf 76' lang='lat' dir='ltr'><strong>Pyrr-lii.</strong></span> <span class='ocrx_word' id='word_1_114' title='bbox 1735 1812 1972 1863; x_wconf 79' lang='lat' dir='ltr'><strong>Serranus</strong></span> <span class='ocrx_word' id='word_1_115' title='bbox 2011 1812 2238 1861; x_wconf 76' lang='lat' dir='ltr'><strong>Dictator·</strong></span> <span class='ocrx_word' id='word_1_116' title='bbox 2277 1812 2407 1863; x_wconf 79' lang='lat' dir='ltr'><strong>rexit</strong></span> <span class='ocrx_word' id='word_1_117' title='bbox 2445 1806 2662 1861; x_wconf 71' lang='lat' dir='ltr'><strong>aratrum</strong></span> <span class='ocrx_word' id='word_1_118' title='bbox 2689 1812 2795 1860; x_wconf 67' lang='lat' dir='ltr'><strong>vile.</strong></span> 
     </span>
     <span class='ocr_line' id='line_1_17' title="bbox 612 1874 2799 1940; baseline -0.001 -13"><span class='ocrx_word' id='word_1_119' title='bbox 612 1878 873 1940; x_wconf 69' lang='lat' dir='ltr'><strong>Tugurium</strong></span> <span class='ocrx_word' id='word_1_120' title='bbox 892 1878 1043 1939; x_wconf 86' lang='lat' dir='ltr'><strong>hujus</strong></span> <span class='ocrx_word' id='word_1_121' title='bbox 1064 1876 1411 1925; x_wconf 74' lang='lat' dir='ltr'><strong>cohonestatum</strong></span> <span class='ocrx_word' id='word_1_122' title='bbox 1430 1883 1514 1924; x_wconf 84' lang='lat' dir='ltr'><strong>est</strong></span> <span class='ocrx_word' id='word_1_123' title='bbox 1535 1874 1794 1937; x_wconf 82' lang='lat' dir='ltr'><strong>lictoribus,</strong></span> <span class='ocrx_word' id='word_1_124' title='bbox 1827 1882 1873 1925; x_wconf 84' lang='lat' dir='ltr'><strong>et</strong></span> <span class='ocrx_word' id='word_1_125' title='bbox 1880 1876 2040 1936; x_wconf 80' lang='lat' dir='ltr'><strong>fasces</strong></span> <span class='ocrx_word' id='word_1_126' title='bbox 2060 1878 2252 1939; x_wconf 81' lang='lat' dir='ltr'><strong>alligati</strong></span> <span class='ocrx_word' id='word_1_127' title='bbox 2273 1884 2394 1926; x_wconf 80' lang='lat' dir='ltr'><strong>sunt</strong></span> <span class='ocrx_word' id='word_1_128' title='bbox 2403 1876 2596 1937; x_wconf 80' lang='lat' dir='ltr'><strong>foribus</strong></span> <span class='ocrx_word' id='word_1_129' title='bbox 2611 1876 2799 1938; x_wconf 73' lang='lat' dir='ltr'><strong>ligneis.</strong></span> 
     </span>
    </p>
   </div>
   <div class='ocr_carea' id='block_1_4' title="bbox 1523 1985 1878 2006">
    <p class='ocr_par' dir='ltr' id='par_1_10' title="bbox 1523 1985 1878 2006">
     <span class='ocr_line' id='line_1_18' title="bbox 1523 1985 1878 2006; baseline 0 -1"><span class='ocrx_word' id='word_1_130' title='bbox 1523 1985 1878 2006; x_wconf 58' lang='lat' dir='ltr'><strong>OOOOOOOOO</strong></span> 
     </span>
    </p>
   </div>
   <div class='ocr_carea' id='block_1_5' title="bbox 596 2048 2801 2366">
    <p class='ocr_par' dir='ltr' id='par_1_11' title="bbox 596 2048 2801 2366">
     <span class='ocr_line' id='line_1_19' title="bbox 608 2048 2801 2115; baseline -0 -15"><span class='ocrx_word' id='word_1_131' title='bbox 608 2064 713 2101; x_wconf 85' lang='lat' dir='ltr'><strong>sec.</strong></span> <span class='ocrx_word' id='word_1_132' title='bbox 736 2052 945 2100; x_wconf 81' lang='lat' dir='ltr'><strong>ostendet</strong></span> <span class='ocrx_word' id='word_1_133' title='bbox 968 2057 1189 2114; x_wconf 83' lang='lat' dir='ltr'><strong>quatuor</strong></span> <span class='ocrx_word' id='word_1_134' title='bbox 1204 2050 1305 2099; x_wconf 88' lang='lat' dir='ltr'><strong>alii.</strong></span> <span class='ocrx_word' id='word_1_135' title='bbox 1326 2055 1528 2100; x_wconf 74' lang='lat' dir='ltr'><strong>ostentat</strong></span> <span class='ocrx_word' id='word_1_136' title='bbox 1549 2050 1743 2100; x_wconf 79' lang='lat' dir='ltr'><strong>Mor-et.</strong></span> <span class='ocrx_word' id='word_1_137' title='bbox 1767 2065 1846 2114; x_wconf 87' lang='lat' dir='ltr'><strong>pr.</strong></span> <span class='ocrx_word' id='word_1_138' title='bbox 1867 2053 1991 2101; x_wconf 82' lang='lat' dir='ltr'><strong>coede</strong></span> <span class='ocrx_word' id='word_1_139' title='bbox 2013 2067 2107 2114; x_wconf 92' lang='lat' dir='ltr'><strong>pro</strong></span> <span class='ocrx_word' id='word_1_140' title='bbox 2127 2056 2288 2115; x_wconf 77' lang='lat' dir='ltr'><strong>strage</strong></span> <span class='ocrx_word' id='word_1_141' title='bbox 2301 2052 2662 2101; x_wconf 66' lang='lat' dir='ltr'><strong>ninam—409</strong></span> <span class='ocrx_word' id='word_1_142' title='bbox 2692 2048 2801 2099; x_wconf 76' lang='lat' dir='ltr'><strong>hinc</strong></span> 
     </span>
     <span class='ocr_line' id='line_1_20' title="bbox 608 2112 2800 2179; baseline -0.001 -13"><span class='ocrx_word' id='word_1_143' title='bbox 608 2116 753 2167; x_wconf 79' lang='lat' dir='ltr'><strong>Med.</strong></span> <span class='ocrx_word' id='word_1_144' title='bbox 778 2122 899 2165; x_wconf 89' lang='lat' dir='ltr'><strong>tert.</strong></span> <span class='ocrx_word' id='word_1_145' title='bbox 931 2116 1037 2163; x_wconf 83' lang='lat' dir='ltr'><strong>huic</strong></span> <span class='ocrx_word' id='word_1_146' title='bbox 1062 2116 1209 2165; x_wconf 85' lang='lat' dir='ltr'><strong>Rott.</strong></span> <span class='ocrx_word' id='word_1_147' title='bbox 1242 2116 1317 2163; x_wconf 73' lang='lat' dir='ltr'><strong>liic</strong></span> <span class='ocrx_word' id='word_1_148' title='bbox 1338 2116 1535 2164; x_wconf 85' lang='lat' dir='ltr'><strong>Mazar.</strong></span> <span class='ocrx_word' id='word_1_149' title='bbox 1569 2116 1738 2164; x_wconf 85' lang='lat' dir='ltr'><strong>mentis</strong></span> <span class='ocrx_word' id='word_1_150' title='bbox 1759 2130 1852 2177; x_wconf 88' lang='lat' dir='ltr'><strong>pro</strong></span> <span class='ocrx_word' id='word_1_151' title='bbox 1892 2117 2076 2165; x_wconf 83' lang='lat' dir='ltr'><strong>meritis</strong></span> <span class='ocrx_word' id='word_1_152' title='bbox 2097 2116 2386 2179; x_wconf 53' lang='lat' dir='ltr'><strong>Rege—⁴110</strong></span> <span class='ocrx_word' id='word_1_153' title='bbox 2421 2117 2502 2165; x_wconf 81' lang='lat' dir='ltr'><strong>hic</strong></span> <span class='ocrx_word' id='word_1_154' title='bbox 2523 2121 2577 2162; x_wconf 87' lang='lat' dir='ltr'><strong>et</strong></span> <span class='ocrx_word' id='word_1_155' title='bbox 2595 2112 2696 2163; x_wconf 91' lang='lat' dir='ltr'><strong>duo</strong></span> <span class='ocrx_word' id='word_1_156' title='bbox 2719 2128 2800 2163; x_wconf 80' lang='lat' dir='ltr'><strong>se·</strong></span> 
     </span>
     <span class='ocr_line' id='line_1_21' title="bbox 610 2178 2798 2245; baseline -0 -17"><span class='ocrx_word' id='word_1_157' title='bbox 610 2180 1035 2245; x_wconf 80' lang='lat' dir='ltr'><strong>quentes’versus</strong></span> <span class='ocrx_word' id='word_1_158' title='bbox 1058 2180 1242 2228; x_wconf 85' lang='lat' dir='ltr'><strong>desunt</strong></span> <span class='ocrx_word' id='word_1_159' title='bbox 1275 2180 1325 2227; x_wconf 91' lang='lat' dir='ltr'><strong>in</strong></span> <span class='ocrx_word' id='word_1_160' title='bbox 1368 2180 1515 2227; x_wconf 90' lang='lat' dir='ltr'><strong>Med.</strong></span> <span class='ocrx_word' id='word_1_161' title='bbox 1541 2186 1712 2241; x_wconf 86' lang='lat' dir='ltr'><strong>quart.</strong></span> <span class='ocrx_word' id='word_1_162' title='bbox 1746 2178 1978 2241; x_wconf 80' lang='lat' dir='ltr'><strong>Porrigat</strong></span> <span class='ocrx_word' id='word_1_163' title='bbox 2021 2181 2165 2231; x_wconf 87' lang='lat' dir='ltr'><strong>Med.</strong></span> <span class='ocrx_word' id='word_1_164' title='bbox 2200 2188 2322 2230; x_wconf 87' lang='lat' dir='ltr'><strong>tert.</strong></span> <span class='ocrx_word' id='word_1_165' title='bbox 2356 2186 2581 2229; x_wconf 69' lang='lat' dir='ltr'><strong>arternum</strong></span> <span class='ocrx_word' id='word_1_166' title='bbox 2603 2178 2798 2227; x_wconf 69' lang='grc' dir='ltr'><strong>Μαι-ετ.</strong></span> 
     </span>
     <span class='ocr_line' id='line_1_22' title="bbox 596 2242 2798 2308; baseline -0 -16"><span class='ocrx_word' id='word_1_167' title='bbox 596 2248 873 2293; x_wconf 64' lang='lat' dir='ltr'><strong>&#39;sem—411</strong></span> <span class='ocrx_word' id='word_1_168' title='bbox 909 2249 1128 2305; x_wconf 83' lang='lat' dir='ltr'><strong>superant</strong></span> <span class='ocrx_word' id='word_1_169' title='bbox 1152 2246 1275 2305; x_wconf 88' lang='lat' dir='ltr'><strong>ch.</strong></span> <span class='ocrx_word' id='word_1_170' title='bbox 1297 2248 1514 2304; x_wconf 83' lang='lat' dir='ltr'><strong>superant</strong></span> <span class='ocrx_word' id='word_1_171' title='bbox 1557 2244 1642 2290; x_wconf 83' lang='lat' dir='ltr'><strong>vel</strong></span> <span class='ocrx_word' id='word_1_172' title='bbox 1680 2258 1902 2305; x_wconf 80' lang='lat' dir='ltr'><strong>superans</strong></span> <span class='ocrx_word' id='word_1_173' title='bbox 1924 2245 2096 2293; x_wconf 82' lang='lat' dir='ltr'><strong>Oxou.</strong></span> <span class='ocrx_word' id='word_1_174' title='bbox 2130 2249 2376 2307; x_wconf 53' lang='lat' dir='ltr'><strong>pia—412</strong></span> <span class='ocrx_word' id='word_1_175' title='bbox 2411 2245 2519 2308; x_wconf 77' lang='lat' dir='ltr'><strong>hinc</strong></span> <span class='ocrx_word' id='word_1_176' title='bbox 2549 2242 2694 2300; x_wconf 77' lang='lat' dir='ltr'><strong>Leid.</strong></span> <span class='ocrx_word' id='word_1_177' title='bbox 2719 2254 2798 2305; x_wconf 83' lang='lat' dir='ltr'><strong>pr.</strong></span> 
     </span>
     <span class='ocr_line' id='line_1_23' title="bbox 607 2302 2800 2366; baseline -0.001 -12"><span class='ocrx_word' id='word_1_178' title='bbox 607 2307 801 2356; x_wconf 87' lang='lat' dir='ltr'><strong>Moret.</strong></span> <span class='ocrx_word' id='word_1_179' title='bbox 825 2322 930 2356; x_wconf 85' lang='lat' dir='ltr'><strong>sec.</strong></span> <span class='ocrx_word' id='word_1_180' title='bbox 950 2309 1050 2355; x_wconf 88' lang='lat' dir='ltr'><strong>duo</strong></span> <span class='ocrx_word' id='word_1_181' title='bbox 1075 2308 1245 2356; x_wconf 88' lang='lat' dir='ltr'><strong>Oxon.</strong></span> <span class='ocrx_word' id='word_1_182' title='bbox 1267 2308 1392 2355; x_wconf 87' lang='lat' dir='ltr'><strong>Var.</strong></span> <span class='ocrx_word' id='word_1_183' title='bbox 1418 2307 1519 2355; x_wconf 88' lang='lat' dir='ltr'><strong>LL.</strong></span> <span class='ocrx_word' id='word_1_184' title='bbox 1544 2306 1628 2355; x_wconf 86' lang='lat' dir='ltr'><strong>ed.</strong></span> <span class='ocrx_word' id='word_1_185' title='bbox 1649 2307 1808 2356; x_wconf 73' lang='lat' dir='ltr'><strong>Antv.</strong></span> <span class='ocrx_word' id='word_1_186' title='bbox 1843 2308 1919 2355; x_wconf 76' lang='lat' dir='ltr'><strong>liic</strong></span> <span class='ocrx_word' id='word_1_187' title='bbox 1943 2308 2060 2357; x_wconf 87' lang='lat' dir='ltr'><strong>Pat.</strong></span> <span class='ocrx_word' id='word_1_188' title='bbox 2085 2315 2141 2356; x_wconf 88' lang='lat' dir='ltr'><strong>et</strong></span> <span class='ocrx_word' id='word_1_189' title='bbox 2158 2308 2280 2357; x_wconf 87' lang='lat' dir='ltr'><strong>Ald.</strong></span> <span class='ocrx_word' id='word_1_190' title='bbox 2305 2310 2355 2357; x_wconf 82' lang='lat' dir='ltr'><strong>in</strong></span> <span class='ocrx_word' id='word_1_191' title='bbox 2377 2302 2667 2357; x_wconf 81' lang='lat' dir='ltr'><strong>octodecim</strong></span> <span class='ocrx_word' id='word_1_192' title='bbox 2691 2306 2800 2366; x_wconf 83' lang='lat' dir='ltr'><strong>alii,</strong></span> 
     </span>
    </p>
   </div>
   <div class='ocr_carea' id='block_1_6' title="bbox 607 2369 2902 2435">
    <p class='ocr_par' dir='ltr' id='par_1_12' title="bbox 607 2369 2902 2435">
     <span class='ocr_line' id='line_1_24' title="bbox 607 2369 2902 2435; baseline 0 -17"><span class='ocrx_word' id='word_1_193' title='bbox 607 2370 741 2419; x_wconf 85' lang='lat' dir='ltr'><strong>Exc.</strong></span> <span class='ocrx_word' id='word_1_194' title='bbox 777 2373 993 2420; x_wconf 84' lang='lat' dir='ltr'><strong>Lucens.</strong></span> <span class='ocrx_word' id='word_1_195' title='bbox 1017 2385 1096 2433; x_wconf 88' lang='lat' dir='ltr'><strong>pr.</strong></span> <span class='ocrx_word' id='word_1_196' title='bbox 1122 2370 1204 2419; x_wconf 89' lang='lat' dir='ltr'><strong>ed.</strong></span> <span class='ocrx_word' id='word_1_197' title='bbox 1225 2372 1399 2421; x_wconf 78' lang='lat' dir='ltr'><strong>Parin.</strong></span> <span class='ocrx_word' id='word_1_198' title='bbox 1422 2370 1670 2420; x_wconf 83' lang='lat' dir='ltr'><strong>et&#39;Vicet.</strong></span> <span class='ocrx_word' id='word_1_199' title='bbox 1693 2372 1796 2419; x_wconf 87' lang='lat' dir='ltr'><strong>vid.</strong></span> <span class='ocrx_word' id='word_1_200' title='bbox 1822 2372 2013 2421; x_wconf 80' lang='lat' dir='ltr'><strong>Castal.</strong></span> <span class='ocrx_word' id='word_1_201' title='bbox 2039 2374 2090 2419; x_wconf 88' lang='lat' dir='ltr'><strong>in</strong></span> <span class='ocrx_word' id='word_1_202' title='bbox 2115 2373 2281 2421; x_wconf 88' lang='lat' dir='ltr'><strong>Rutil.</strong></span> <span class='ocrx_word' id='word_1_203' title='bbox 2305 2387 2354 2435; x_wconf 89' lang='lat' dir='ltr'><strong>p.</strong></span> <span class='ocrx_word' id='word_1_204' title='bbox 2378 2376 2456 2422; x_wconf 75' lang='lat'><strong>53.</strong></span> <span class='ocrx_word' id='word_1_205' title='bbox 2483 2376 2561 2421; x_wconf 76' lang='lat'><strong>54.</strong></span> <span class='ocrx_word' id='word_1_206' title='bbox 2594 2369 2734 2430; x_wconf 85' lang='lat' dir='ltr'><strong>[Lib.</strong></span> <span class='ocrx_word' id='word_1_207' title='bbox 2759 2384 2797 2419; x_wconf 92' lang='lat'><strong>1.</strong></span> <span class='ocrx_word' id='word_1_208' title='bbox 2897 2412 2902 2419; x_wconf 84' lang='lat'><strong>.</strong></span> 
     </span>
    </p>
   </div>
   <div class='ocr_carea' id='block_1_7' title="bbox 596 2432 2801 2821">
    <p class='ocr_par' dir='ltr' id='par_1_13' title="bbox 596 2432 2801 2821">
     <span class='ocr_line' id='line_1_25' title="bbox 608 2432 2798 2500; baseline 0 -17"><span class='ocrx_word' id='word_1_209' title='bbox 608 2432 718 2497; x_wconf 83' lang='grc'><strong>46.]</strong></span> <span class='ocrx_word' id='word_1_210' title='bbox 748 2435 897 2496; x_wconf 83' lang='lat' dir='ltr'><strong>poscit</strong></span> <span class='ocrx_word' id='word_1_211' title='bbox 935 2435 1057 2484; x_wconf 87' lang='lat' dir='ltr'><strong>Vat.</strong></span> <span class='ocrx_word' id='word_1_212' title='bbox 1098 2440 1220 2484; x_wconf 85' lang='lat' dir='ltr'><strong>tert.</strong></span> <span class='ocrx_word' id='word_1_213' title='bbox 1259 2436 1399 2483; x_wconf 86' lang='lat' dir='ltr'><strong>Rott.</strong></span> <span class='ocrx_word' id='word_1_214' title='bbox 1434 2435 1666 2484; x_wconf 88' lang='lat' dir='ltr'><strong>Florent.</strong></span> <span class='ocrx_word' id='word_1_215' title='bbox 1701 2436 1898 2485; x_wconf 82' lang='lat' dir='ltr'><strong>Mazar.</strong></span> <span class='ocrx_word' id='word_1_216' title='bbox 1929 2437 2078 2499; x_wconf 78' lang='lat' dir='ltr'><strong>possit</strong></span> <span class='ocrx_word' id='word_1_217' title='bbox 2116 2444 2315 2500; x_wconf 81' lang='lat' dir='ltr'><strong>septem</strong></span> <span class='ocrx_word' id='word_1_218' title='bbox 2339 2437 2443 2484; x_wconf 82' lang='lat' dir='ltr'><strong>alii.</strong></span> <span class='ocrx_word' id='word_1_219' title='bbox 2473 2434 2626 2499; x_wconf 83' lang='lat' dir='ltr'><strong>prosit</strong></span> <span class='ocrx_word' id='word_1_220' title='bbox 2663 2433 2798 2497; x_wconf 87' lang='lat' dir='ltr'><strong>conj.</strong></span> 
     </span>
     <span class='ocr_line' id='line_1_26' title="bbox 596 2495 2797 2563; baseline 0.001 -18"><span class='ocrx_word' id='word_1_221' title='bbox 596 2497 953 2548; x_wconf 53' lang='lat' dir='ltr'><strong>&#39;Heius-413</strong></span> <span class='ocrx_word' id='word_1_222' title='bbox 986 2514 1088 2547; x_wconf 85' lang='lat' dir='ltr'><strong>cum</strong></span> <span class='ocrx_word' id='word_1_223' title='bbox 1108 2513 1245 2559; x_wconf 83' lang='lat' dir='ltr'><strong>reges</strong></span> <span class='ocrx_word' id='word_1_224' title='bbox 1264 2499 1470 2547; x_wconf 80' lang='lat' dir='ltr'><strong>vinceret</strong></span> <span class='ocrx_word' id='word_1_225' title='bbox 1490 2500 1637 2548; x_wconf 88' lang='lat' dir='ltr'><strong>Med.</strong></span> <span class='ocrx_word' id='word_1_226' title='bbox 1659 2506 1828 2563; x_wconf 84' lang='lat' dir='ltr'><strong>quart.</strong></span> <span class='ocrx_word' id='word_1_227' title='bbox 1853 2500 1981 2549; x_wconf 88' lang='lat' dir='ltr'><strong>Exc.</strong></span> <span class='ocrx_word' id='word_1_228' title='bbox 2003 2500 2154 2549; x_wconf 84' lang='lat' dir='ltr'><strong>Voss.</strong></span> <span class='ocrx_word' id='word_1_229' title='bbox 2180 2500 2301 2549; x_wconf 85' lang='lat' dir='ltr'><strong>Ald.</strong></span> <span class='ocrx_word' id='word_1_230' title='bbox 2321 2513 2455 2561; x_wconf 73' lang='lat' dir='ltr'><strong>reges</strong></span> <span class='ocrx_word' id='word_1_231' title='bbox 2475 2495 2651 2548; x_wconf 67' lang='lat' dir='ltr'><strong>vicerizt</strong></span> <span class='ocrx_word' id='word_1_232' title='bbox 2669 2496 2797 2548; x_wconf 77' lang='lat' dir='ltr'><strong>Var-</strong></span> 
     </span>
     <span class='ocr_line' id='line_1_27' title="bbox 608 2561 2801 2628; baseline 0 -17"><span class='ocrx_word' id='word_1_233' title='bbox 608 2562 714 2611; x_wconf 75' lang='lat' dir='ltr'><strong>LI..</strong></span> <span class='ocrx_word' id='word_1_234' title='bbox 734 2562 818 2611; x_wconf 87' lang='lat' dir='ltr'><strong>ed.</strong></span> <span class='ocrx_word' id='word_1_235' title='bbox 842 2563 996 2611; x_wconf 84' lang='lat' dir='ltr'><strong>Antv.</strong></span> <span class='ocrx_word' id='word_1_236' title='bbox 1026 2578 1187 2623; x_wconf 74' lang='lat' dir='ltr'><strong>regem</strong></span> <span class='ocrx_word' id='word_1_237' title='bbox 1207 2563 1400 2612; x_wconf 79' lang='lat' dir='ltr'><strong>Mor-et.</strong></span> <span class='ocrx_word' id='word_1_238' title='bbox 1424 2568 1664 2626; x_wconf 57' lang='lat' dir='ltr'><strong>pre-414</strong></span> <span class='ocrx_word' id='word_1_239' title='bbox 1698 2564 1804 2613; x_wconf 86' lang='lat' dir='ltr'><strong>Hic</strong></span> <span class='ocrx_word' id='word_1_240' title='bbox 1826 2578 2002 2612; x_wconf 84' lang='lat' dir='ltr'><strong>versus</strong></span> <span class='ocrx_word' id='word_1_241' title='bbox 2042 2564 2095 2612; x_wconf 90' lang='lat' dir='ltr'><strong>in</strong></span> <span class='ocrx_word' id='word_1_242' title='bbox 2135 2566 2326 2613; x_wconf 86' lang='lat' dir='ltr'><strong>Moret.</strong></span> <span class='ocrx_word' id='word_1_243' title='bbox 2360 2578 2436 2628; x_wconf 86' lang='lat' dir='ltr'><strong>pr.</strong></span> <span class='ocrx_word' id='word_1_244' title='bbox 2465 2561 2680 2623; x_wconf 83' lang='lat' dir='ltr'><strong>margini</strong></span> <span class='ocrx_word' id='word_1_245' title='bbox 2717 2569 2801 2612; x_wconf 84' lang='lat' dir='ltr'><strong>est</strong></span> 
     </span>
     <span class='ocr_line' id='line_1_28' title="bbox 607 2626 2800 2692; baseline 0.001 -19"><span class='ocrx_word' id='word_1_246' title='bbox 607 2626 1049 2689; x_wconf 58' lang='lat' dir='ltr'><strong>ascriptum—415</strong></span> <span class='ocrx_word' id='word_1_247' title='bbox 1084 2628 1309 2685; x_wconf 78' lang='lat' dir='ltr'><strong>Dictator</strong></span> <span class='ocrx_word' id='word_1_248' title='bbox 1346 2627 1579 2677; x_wconf 83' lang='lat' dir='ltr'><strong>Serranus</strong></span> <span class='ocrx_word' id='word_1_249' title='bbox 1603 2627 1753 2690; x_wconf 74' lang='lat' dir='ltr'><strong>flexit</strong></span> <span class='ocrx_word' id='word_1_250' title='bbox 1786 2628 1906 2678; x_wconf 89' lang='lat' dir='ltr'><strong>Vat.</strong></span> <span class='ocrx_word' id='word_1_251' title='bbox 1929 2629 2089 2692; x_wconf 89' lang='lat' dir='ltr'><strong>quint.</strong></span> <span class='ocrx_word' id='word_1_252' title='bbox 2123 2630 2348 2678; x_wconf 86' lang='lat' dir='ltr'><strong>Dictator</strong></span> <span class='ocrx_word' id='word_1_253' title='bbox 2373 2630 2520 2690; x_wconf 79' lang='lat' dir='ltr'><strong>flexit</strong></span> <span class='ocrx_word' id='word_1_254' title='bbox 2563 2628 2800 2677; x_wconf 70' lang='lat' dir='ltr'><strong>Serranus</strong></span> 
     </span>
     <span class='ocr_line' id='line_1_29' title="bbox 609 2689 2801 2754; baseline 0.001 -15"><span class='ocrx_word' id='word_1_255' title='bbox 609 2689 757 2739; x_wconf 87' lang='lat' dir='ltr'><strong>Med.</strong></span> <span class='ocrx_word' id='word_1_256' title='bbox 778 2696 900 2739; x_wconf 84' lang='lat' dir='ltr'><strong>tert.</strong></span> <span class='ocrx_word' id='word_1_257' title='bbox 926 2690 1100 2740; x_wconf 86' lang='lat' dir='ltr'><strong>Oxou.</strong></span> <span class='ocrx_word' id='word_1_258' title='bbox 1124 2705 1202 2751; x_wconf 88' lang='lat' dir='ltr'><strong>pr.</strong></span> <span class='ocrx_word' id='word_1_259' title='bbox 1228 2692 1371 2741; x_wconf 86' lang='lat' dir='ltr'><strong>Leid.</strong></span> <span class='ocrx_word' id='word_1_260' title='bbox 1395 2706 1501 2741; x_wconf 86' lang='lat' dir='ltr'><strong>sec.</strong></span> <span class='ocrx_word' id='word_1_261' title='bbox 1526 2692 1656 2741; x_wconf 88' lang='lat' dir='ltr'><strong>Exc.</strong></span> <span class='ocrx_word' id='word_1_262' title='bbox 1680 2694 1900 2741; x_wconf 78' lang='lat' dir='ltr'><strong>Lucens.</strong></span> <span class='ocrx_word' id='word_1_263' title='bbox 1919 2707 1999 2754; x_wconf 89' lang='lat' dir='ltr'><strong>pr.</strong></span> <span class='ocrx_word' id='word_1_264' title='bbox 2032 2694 2178 2743; x_wconf 82' lang='lat' dir='ltr'><strong>vertit</strong></span> <span class='ocrx_word' id='word_1_265' title='bbox 2199 2694 2430 2743; x_wconf 81' lang='lat' dir='ltr'><strong>Dictator</strong></span> <span class='ocrx_word' id='word_1_266' title='bbox 2448 2691 2627 2741; x_wconf 86' lang='lat' dir='ltr'><strong>Ambr.</strong></span> <span class='ocrx_word' id='word_1_267' title='bbox 2651 2704 2801 2754; x_wconf 80' lang='lat' dir='ltr'><strong>pr.—</strong></span> 
     </span>
     <span class='ocr_line' id='line_1_30' title="bbox 606 2754 2796 2821; baseline 0 -18"><span class='ocrx_word' id='word_1_268' title='bbox 606 2758 704 2803; x_wconf 80' lang='grc'><strong>416</strong></span> <span class='ocrx_word' id='word_1_269' title='bbox 724 2754 861 2814; x_wconf 81' lang='lat' dir='ltr'><strong>faces</strong></span> <span class='ocrx_word' id='word_1_270' title='bbox 882 2768 976 2817; x_wconf 88' lang='lat' dir='ltr'><strong>pro</strong></span> <span class='ocrx_word' id='word_1_271' title='bbox 996 2768 1117 2804; x_wconf 81' lang='lat' dir='ltr'><strong>casoe</strong></span> <span class='ocrx_word' id='word_1_272' title='bbox 1138 2756 1328 2805; x_wconf 87' lang='lat' dir='ltr'><strong>Moret.</strong></span> <span class='ocrx_word' id='word_1_273' title='bbox 1352 2768 1433 2820; x_wconf 87' lang='lat' dir='ltr'><strong>pr.</strong></span> <span class='ocrx_word' id='word_1_274' title='bbox 1459 2771 1525 2805; x_wconf 90' lang='lat' dir='ltr'><strong>m.</strong></span> <span class='ocrx_word' id='word_1_275' title='bbox 1553 2771 1632 2818; x_wconf 88' lang='lat' dir='ltr'><strong>pr.</strong></span> <span class='ocrx_word' id='word_1_276' title='bbox 1655 2757 1844 2817; x_wconf 80' lang='lat' dir='ltr'><strong>silignis</strong></span> <span class='ocrx_word' id='word_1_277' title='bbox 1865 2757 2053 2807; x_wconf 84' lang='lat' dir='ltr'><strong>Moret.</strong></span> <span class='ocrx_word' id='word_1_278' title='bbox 2069 2761 2338 2807; x_wconf 60' lang='lat' dir='ltr'><strong>sem—41¹7</strong></span> <span class='ocrx_word' id='word_1_279' title='bbox 2355 2756 2512 2821; x_wconf 78' lang='lat' dir='ltr'><strong>affixit</strong></span> <span class='ocrx_word' id='word_1_280' title='bbox 2537 2764 2640 2807; x_wconf 85' lang='lat' dir='ltr'><strong>vet.</strong></span> <span class='ocrx_word' id='word_1_281' title='bbox 2667 2755 2796 2819; x_wconf 78' lang='lat' dir='ltr'><strong>Gyr.</strong></span> 
     </span>
    </p>
   </div>
   <div class='ocr_carea' id='block_1_8' title="bbox 1605 2864 1816 2913">
    <p class='ocr_par' dir='ltr' id='par_1_14' title="bbox 1605 2864 1816 2913">
     <span class='ocr_line' id='line_1_31' title="bbox 1605 2864 1816 2913; baseline -0.005 0"><span class='ocrx_word' id='word_1_282' title='bbox 1605 2864 1816 2913; x_wconf 82' lang='lat' dir='ltr'>NOTAE</span> 
     </span>
    </p>
   </div>
   <div class='ocr_carea' id='block_1_9' title="bbox 598 2952 2826 3547">
    <p class='ocr_par' dir='ltr' id='par_1_15' title="bbox 598 2952 2826 3547">
     <span class='ocr_line' id='line_1_32' title="bbox 673 2952 2801 3019; baseline -0.001 -14"><span class='ocrx_word' id='word_1_283' title='bbox 673 2960 771 3005; x_wconf 78' lang='lat'><strong>4⁰8</strong></span> <span class='ocrx_word' id='word_1_284' title='bbox 804 2955 1053 3019; x_wconf 83' lang='lat' dir='ltr'><strong>Camillus]</strong></span> <span class='ocrx_word' id='word_1_285' title='bbox 1085 2954 1189 3003; x_wconf 86' lang='lat' dir='ltr'><strong>Hic</strong></span> <span class='ocrx_word' id='word_1_286' title='bbox 1206 2954 1448 3003; x_wconf 83' lang='lat' dir='ltr'><strong>Dictator</strong></span> <span class='ocrx_word' id='word_1_287' title='bbox 1468 2952 1669 3014; x_wconf 80' lang='lat' dir='ltr'><strong>Ganos,</strong></span> <span class='ocrx_word' id='word_1_288' title='bbox 1749 2954 1894 3015; x_wconf 76' lang='lat' dir='ltr'><strong>gnius</strong></span> <span class='ocrx_word' id='word_1_289' title='bbox 1937 2958 2050 3002; x_wconf 86' lang='lat' dir='ltr'><strong>arte</strong></span> <span class='ocrx_word' id='word_1_290' title='bbox 2101 2954 2361 3017; x_wconf 80' lang='lat' dir='ltr'><strong>Xantippi</strong></span> <span class='ocrx_word' id='word_1_291' title='bbox 2419 2953 2801 3003; x_wconf 75' lang='lat' dir='ltr'><strong>Lacedaemonii</strong></span> 
     </span>
     <span class='ocr_line' id='line_1_33' title="bbox 604 3028 2798 3097; baseline 0 -19"><span class='ocrx_word' id='word_1_292' title='bbox 604 3030 775 3079; x_wconf 74' lang='lat' dir='ltr'><strong>Roma</strong></span> <span class='ocrx_word' id='word_1_293' title='bbox 787 3031 1007 3093; x_wconf 84' lang='lat' dir='ltr'><strong>direpta,</strong></span> <span class='ocrx_word' id='word_1_294' title='bbox 1023 3030 1333 3092; x_wconf 79' lang='lat' dir='ltr'><strong>Capitoiium</strong></span> <span class='ocrx_word' id='word_1_295' title='bbox 1352 3028 1669 3089; x_wconf 84' lang='lat' dir='ltr'><strong>obsidentes,</strong></span> <span class='ocrx_word' id='word_1_296' title='bbox 1749 3034 1951 3091; x_wconf 83' lang='lat' dir='ltr'><strong>captus,</strong></span> <span class='ocrx_word' id='word_1_297' title='bbox 1969 3043 2195 3097; x_wconf 78' lang='lat' dir='ltr'><strong>moxque</strong></span> <span class='ocrx_word' id='word_1_298' title='bbox 2219 3030 2284 3078; x_wconf 82' lang='lat' dir='ltr'><strong>de</strong></span> <span class='ocrx_word' id='word_1_299' title='bbox 2305 3031 2658 3093; x_wconf 84' lang='lat' dir='ltr'><strong>permutandis</strong></span> <span class='ocrx_word' id='word_1_300' title='bbox 2675 3044 2798 3094; x_wconf 87' lang='lat' dir='ltr'><strong>cap·</strong></span> 
     </span>
     <span class='ocr_line' id='line_1_34' title="bbox 600 3103 2800 3168; baseline 0 -15"><span class='ocrx_word' id='word_1_301' title='bbox 600 3110 668 3153; x_wconf 84' lang='lat' dir='ltr'><strong>et</strong></span> <span class='ocrx_word' id='word_1_302' title='bbox 690 3118 719 3153; x_wconf 87' lang='lat' dir='ltr'><strong>e</strong></span> <span class='ocrx_word' id='word_1_303' title='bbox 753 3112 928 3168; x_wconf 88' lang='lat' dir='ltr'><strong>pacto,</strong></span> <span class='ocrx_word' id='word_1_304' title='bbox 946 3105 1221 3168; x_wconf 83' lang='lat' dir='ltr'><strong>pendendo</strong></span> <span class='ocrx_word' id='word_1_305' title='bbox 1262 3118 1385 3154; x_wconf 86' lang='lat' dir='ltr'><strong>auro</strong></span> <span class='ocrx_word' id='word_1_306' title='bbox 1424 3104 1670 3167; x_wconf 82' lang='lat' dir='ltr'><strong>intentos,</strong></span> <span class='ocrx_word' id='word_1_307' title='bbox 1750 3103 1868 3151; x_wconf 87' lang='lat' dir='ltr'><strong>tivis</strong></span> <span class='ocrx_word' id='word_1_308' title='bbox 1887 3104 2098 3154; x_wconf 86' lang='lat' dir='ltr'><strong>Romam</strong></span> <span class='ocrx_word' id='word_1_309' title='bbox 2122 3106 2323 3167; x_wconf 84' lang='lat' dir='ltr'><strong>missus,</strong></span> <span class='ocrx_word' id='word_1_310' title='bbox 2340 3106 2684 3155; x_wconf 83' lang='lat' dir='ltr'><strong>conditionem</strong></span> <span class='ocrx_word' id='word_1_311' title='bbox 2698 3105 2800 3153; x_wconf 73' lang='lat' dir='ltr'><strong>dis-</strong></span> 
     </span>
     <span class='ocr_line' id='line_1_35' title="bbox 604 3180 2797 3246; baseline 0 -17"><span class='ocrx_word' id='word_1_312' title='bbox 604 3181 681 3229; x_wconf 83' lang='lat' dir='ltr'><strong>nil</strong></span> <span class='ocrx_word' id='word_1_313' title='bbox 704 3182 808 3230; x_wconf 86' lang='lat' dir='ltr'><strong>tale</strong></span> <span class='ocrx_word' id='word_1_314' title='bbox 822 3181 1443 3245; x_wconf 81' lang='lat' dir='ltr'><strong>opinantes,oppressisse</strong></span> <span class='ocrx_word' id='word_1_315' title='bbox 1459 3180 1668 3230; x_wconf 82' lang='lat' dir='ltr'><strong>dicitur.</strong></span> <span class='ocrx_word' id='word_1_316' title='bbox 1751 3180 1928 3241; x_wconf 80' lang='lat' dir='ltr'><strong>suasit,</strong></span> <span class='ocrx_word' id='word_1_317' title='bbox 1947 3182 2256 3246; x_wconf 78' lang='lat' dir='ltr'><strong>reJectisque</strong></span> <span class='ocrx_word' id='word_1_318' title='bbox 2281 3198 2311 3230; x_wconf 89' lang='lat' dir='ltr'><strong>a</strong></span> <span class='ocrx_word' id='word_1_319' title='bbox 2333 3196 2388 3230; x_wconf 85' lang='lat' dir='ltr'><strong>se</strong></span> <span class='ocrx_word' id='word_1_320' title='bbox 2412 3181 2627 3245; x_wconf 85' lang='lat' dir='ltr'><strong>conjuge</strong></span> <span class='ocrx_word' id='word_1_321' title='bbox 2651 3187 2705 3229; x_wconf 88' lang='lat' dir='ltr'><strong>et</strong></span> <span class='ocrx_word' id='word_1_322' title='bbox 2738 3180 2797 3229; x_wconf 79' lang='lat' dir='ltr'><strong>li·</strong></span> 
     </span>
     <span class='ocr_line' id='line_1_36' title="bbox 606 3254 2796 3321; baseline 0 -17"><span class='ocrx_word' id='word_1_323' title='bbox 606 3255 767 3305; x_wconf 79' lang='lat' dir='ltr'><strong>Unde</strong></span> <span class='ocrx_word' id='word_1_324' title='bbox 788 3257 956 3306; x_wconf 82' lang='lat' dir='ltr'><strong>dictus</strong></span> <span class='ocrx_word' id='word_1_325' title='bbox 994 3264 1077 3306; x_wconf 83' lang='lat' dir='ltr'><strong>est</strong></span> <span class='ocrx_word' id='word_1_326' title='bbox 1111 3258 1245 3306; x_wconf 82' lang='lat' dir='ltr'><strong>alter</strong></span> <span class='ocrx_word' id='word_1_327' title='bbox 1280 3258 1549 3317; x_wconf 84' lang='lat' dir='ltr'><strong>Romulus,</strong></span> <span class='ocrx_word' id='word_1_328' title='bbox 1597 3259 1668 3305; x_wconf 87' lang='lat' dir='ltr'><strong>al·</strong></span> <span class='ocrx_word' id='word_1_329' title='bbox 1751 3254 1906 3318; x_wconf 83' lang='lat' dir='ltr'><strong>beris,</strong></span> <span class='ocrx_word' id='word_1_330' title='bbox 1959 3257 2336 3321; x_wconf 84' lang='lat' dir='ltr'><strong>Carthaginem,</strong></span> <span class='ocrx_word' id='word_1_331' title='bbox 2375 3264 2436 3306; x_wconf 87' lang='lat' dir='ltr'><strong>ut</strong></span> <span class='ocrx_word' id='word_1_332' title='bbox 2472 3256 2796 3319; x_wconf 83' lang='lat' dir='ltr'><strong>promiserat,</strong></span> 
     </span>
     <span class='ocr_line' id='line_1_37' title="bbox 607 3329 2797 3397; baseline -0.001 -16"><span class='ocrx_word' id='word_1_333' title='bbox 607 3337 795 3397; x_wconf 77' lang='lat' dir='ltr'><strong>terque</strong></span> <span class='ocrx_word' id='word_1_334' title='bbox 820 3334 959 3383; x_wconf 84' lang='lat' dir='ltr'><strong>urbis</strong></span> <span class='ocrx_word' id='word_1_335' title='bbox 981 3334 1236 3383; x_wconf 89' lang='lat' dir='ltr'><strong>conditor.</strong></span> <span class='ocrx_word' id='word_1_336' title='bbox 1290 3334 1466 3397; x_wconf 83' lang='lat' dir='ltr'><strong>Negat</strong></span> <span class='ocrx_word' id='word_1_337' title='bbox 1489 3348 1520 3381; x_wconf 88' lang='lat' dir='ltr'><strong>a</strong></span> <span class='ocrx_word' id='word_1_338' title='bbox 1542 3334 1667 3383; x_wconf 85' lang='lat' dir='ltr'><strong>Gal·</strong></span> <span class='ocrx_word' id='word_1_339' title='bbox 1747 3329 1923 3392; x_wconf 80' lang='lat' dir='ltr'><strong>rediit,</strong></span> <span class='ocrx_word' id='word_1_340' title='bbox 1977 3331 2067 3380; x_wconf 90' lang='lat' dir='ltr'><strong>ubi</strong></span> <span class='ocrx_word' id='word_1_341' title='bbox 2109 3331 2163 3381; x_wconf 90' lang='lat' dir='ltr'><strong>in</strong></span> <span class='ocrx_word' id='word_1_342' title='bbox 2201 3346 2374 3380; x_wconf 82' lang='lat' dir='ltr'><strong>arcam</strong></span> <span class='ocrx_word' id='word_1_343' title='bbox 2409 3332 2633 3394; x_wconf 83' lang='lat' dir='ltr'><strong>ligneam</strong></span> <span class='ocrx_word' id='word_1_344' title='bbox 2675 3342 2797 3379; x_wconf 79' lang='lat' dir='ltr'><strong>con·</strong></span> 
     </span>
     <span class='ocr_line' id='line_1_38' title="bbox 598 3405 2797 3472; baseline -0.003 -13"><span class='ocrx_word' id='word_1_345' title='bbox 598 3408 669 3459; x_wconf 69' lang='lat' dir='ltr'><strong>iis</strong></span> <span class='ocrx_word' id='word_1_346' title='bbox 680 3420 861 3458; x_wconf 73' lang='lat' dir='ltr'><strong>aurum</strong></span> <span class='ocrx_word' id='word_1_347' title='bbox 878 3416 1139 3460; x_wconf 81' lang='lat' dir='ltr'><strong>extortum</strong></span> <span class='ocrx_word' id='word_1_348' title='bbox 1157 3424 1289 3470; x_wconf 84' lang='lat' dir='ltr'><strong>esse,</strong></span> <span class='ocrx_word' id='word_1_349' title='bbox 1304 3415 1358 3458; x_wconf 88' lang='lat' dir='ltr'><strong>et</strong></span> <span class='ocrx_word' id='word_1_350' title='bbox 1377 3410 1529 3459; x_wconf 87' lang='lat' dir='ltr'><strong>docte</strong></span> <span class='ocrx_word' id='word_1_351' title='bbox 1550 3424 1668 3472; x_wconf 87' lang='lat' dir='ltr'><strong>pro·</strong></span> <span class='ocrx_word' id='word_1_352' title='bbox 1736 3406 1912 3469; x_wconf 81' lang='lat' dir='ltr'><strong>jectus</strong></span> <span class='ocrx_word' id='word_1_353' title='bbox 1929 3407 2087 3455; x_wconf 77' lang='lat' dir='ltr'><strong>clavis</strong></span> <span class='ocrx_word' id='word_1_354' title='bbox 2108 3407 2388 3455; x_wconf 88' lang='lat' dir='ltr'><strong>introrsum</strong></span> <span class='ocrx_word' id='word_1_355' title='bbox 2423 3406 2637 3466; x_wconf 83' lang='lat' dir='ltr'><strong>adactis,</strong></span> <span class='ocrx_word' id='word_1_356' title='bbox 2669 3405 2797 3467; x_wconf 82' lang='lat' dir='ltr'><strong>vigi·</strong></span> 
     </span>
     <span class='ocr_line' id='line_1_39' title="bbox 598 3482 2826 3547; baseline 0.001 -14"><span class='ocrx_word' id='word_1_357' title='bbox 598 3484 701 3534; x_wconf 73' lang='lat' dir='ltr'><strong>bat</strong></span> <span class='ocrx_word' id='word_1_358' title='bbox 722 3484 1026 3535; x_wconf 77' lang='lat' dir='ltr'><strong>Gosselinus</strong></span> <span class='ocrx_word' id='word_1_359' title='bbox 1046 3492 1243 3547; x_wconf 85' lang='lat' dir='ltr'><strong>noster,</strong></span> <span class='ocrx_word' id='word_1_360' title='bbox 1256 3485 1310 3533; x_wconf 86' lang='lat' dir='ltr'><strong>in</strong></span> <span class='ocrx_word' id='word_1_361' title='bbox 1326 3484 1565 3535; x_wconf 82' lang='lat' dir='ltr'><strong>Historia</strong></span> <span class='ocrx_word' id='word_1_362' title='bbox 1579 3498 1666 3532; x_wconf 83' lang='lat' dir='ltr'><strong>ve·</strong></span> <span class='ocrx_word' id='word_1_363' title='bbox 1747 3482 1827 3531; x_wconf 85' lang='lat' dir='ltr'><strong>liis</strong></span> <span class='ocrx_word' id='word_1_364' title='bbox 1851 3496 1912 3531; x_wconf 88' lang='lat' dir='ltr'><strong>ac</strong></span> <span class='ocrx_word' id='word_1_365' title='bbox 1934 3483 2107 3531; x_wconf 78' lang='lat' dir='ltr'><strong>doiore</strong></span> <span class='ocrx_word' id='word_1_366' title='bbox 2151 3484 2412 3532; x_wconf 83' lang='lat' dir='ltr'><strong>extinctus</strong></span> <span class='ocrx_word' id='word_1_367' title='bbox 2433 3489 2531 3533; x_wconf 82' lang='lat' dir='ltr'><strong>est.</strong></span> <span class='ocrx_word' id='word_1_368' title='bbox 2593 3483 2610 3509; x_wconf 88' lang='lat'>‘</span> <span class='ocrx_word' id='word_1_369' title='bbox 2625 3482 2826 3544; x_wconf 72' lang='lat' dir='ltr'><strong>Regu·-</strong></span> 
     </span>
    </p>
   </div>
   <div class='ocr_carea' id='block_1_10' title="bbox 602 3552 2798 3927">
    <p class='ocr_par' dir='ltr' id='par_1_16' title="bbox 610 3552 2796 3699">
     <span class='ocr_line' id='line_1_40' title="bbox 610 3552 2796 3623; baseline -0.002 -14"><span class='ocrx_word' id='word_1_370' title='bbox 610 3566 781 3609; x_wconf 84' lang='lat' dir='ltr'><strong>terum</strong></span> <span class='ocrx_word' id='word_1_371' title='bbox 802 3560 1093 3609; x_wconf 80' lang='lat' dir='ltr'><strong>Gallorum.</strong></span> <span class='ocrx_word' id='word_1_372' title='bbox 1118 3560 1250 3622; x_wconf 87' lang='lat' dir='ltr'><strong>Cap.</strong></span> <span class='ocrx_word' id='word_1_373' title='bbox 1270 3564 1352 3609; x_wconf 83' lang='lat'><strong>4⁰.</strong></span> <span class='ocrx_word' id='word_1_374' title='bbox 1745 3558 1825 3606; x_wconf 82' lang='lat' dir='ltr'><strong>lus</strong></span> <span class='ocrx_word' id='word_1_375' title='bbox 1844 3563 1958 3606; x_wconf 89' lang='lat' dir='ltr'><strong>toto</strong></span> <span class='ocrx_word' id='word_1_376' title='bbox 1982 3572 2198 3622; x_wconf 85' lang='lat' dir='ltr'><strong>corpore</strong></span> <span class='ocrx_word' id='word_1_377' title='bbox 2221 3574 2398 3609; x_wconf 84' lang='lat' dir='ltr'><strong>cruces</strong></span> <span class='ocrx_word' id='word_1_378' title='bbox 2419 3552 2652 3623; x_wconf 64' lang='lat' dir='ltr'><strong>patitur!</strong></span> <span class='ocrx_word' id='word_1_379' title='bbox 2673 3556 2796 3605; x_wconf 89' lang='lat' dir='ltr'><strong>Ter-</strong></span> 
     </span>
     <span class='ocr_line' id='line_1_41' title="bbox 681 3634 2007 3699; baseline 0 -16"><span class='ocrx_word' id='word_1_380' title='bbox 681 3638 781 3683; x_wconf 75' lang='lat'><strong>4⁰9</strong></span> <span class='ocrx_word' id='word_1_381' title='bbox 812 3634 1034 3684; x_wconf 82' lang='lat' dir='ltr'><strong>Discitur</strong></span> <span class='ocrx_word' id='word_1_382' title='bbox 1050 3634 1183 3697; x_wconf 70' lang='lat' dir='ltr'><strong>hinc]</strong></span> <span class='ocrx_word' id='word_1_383' title='bbox 1228 3637 1274 3684; x_wconf 91' lang='lat' dir='ltr'>E</span> <span class='ocrx_word' id='word_1_384' title='bbox 1316 3634 1469 3684; x_wconf 86' lang='lat' dir='ltr'><strong>rebus</strong></span> <span class='ocrx_word' id='word_1_385' title='bbox 1507 3635 1667 3699; x_wconf 84' lang='lat' dir='ltr'><strong>gestis</strong></span> <span class='ocrx_word' id='word_1_386' title='bbox 1749 3634 2007 3683; x_wconf 83' lang='lat' dir='ltr'><strong>tullianus.</strong></span> 
     </span>
    </p>

    <p class='ocr_par' dir='ltr' id='par_1_17' title="bbox 604 3709 2795 3775">
     <span class='ocr_line' id='line_1_42' title="bbox 604 3709 2795 3775; baseline 0 -16"><span class='ocrx_word' id='word_1_387' title='bbox 604 3717 841 3761; x_wconf 71' lang='lat' dir='ltr'><strong>veterum</strong></span> <span class='ocrx_word' id='word_1_388' title='bbox 896 3712 1126 3761; x_wconf 88' lang='lat' dir='ltr'><strong>Heroum</strong></span> <span class='ocrx_word' id='word_1_389' title='bbox 1172 3712 1505 3775; x_wconf 83' lang='lat' dir='ltr'><strong>cognoscitur</strong></span> <span class='ocrx_word' id='word_1_390' title='bbox 1540 3713 1666 3761; x_wconf 82' lang='lat' dir='ltr'><strong>nihil</strong></span> <span class='ocrx_word' id='word_1_391' title='bbox 1739 3718 1746 3725; x_wconf 86' lang='grc'><em>“</em></span> <span class='ocrx_word' id='word_1_392' title='bbox 1809 3710 2024 3759; x_wconf 76' lang='lat' dir='ltr'><strong>Adversa</strong></span> <span class='ocrx_word' id='word_1_393' title='bbox 2048 3710 2266 3773; x_wconf 75' lang='lat' dir='ltr'><strong>Catonis]</strong></span> <span class='ocrx_word' id='word_1_394' title='bbox 2330 3710 2546 3761; x_wconf 79' lang='lat' dir='ltr'><strong>Catonis</strong></span> <span class='ocrx_word' id='word_1_395' title='bbox 2568 3709 2795 3761; x_wconf 80' lang='lat' dir='ltr'><strong>adversi·</strong></span> 
     </span>
    </p>

    <p class='ocr_par' dir='ltr' id='par_1_18' title="bbox 604 3784 2798 3850">
     <span class='ocr_line' id='line_1_43' title="bbox 604 3784 2798 3850; baseline 0.001 -17"><span class='ocrx_word' id='word_1_396' title='bbox 604 3798 722 3834; x_wconf 73' lang='lat' dir='ltr'><strong>osse</strong></span> <span class='ocrx_word' id='word_1_397' title='bbox 766 3785 903 3850; x_wconf 88' lang='lat' dir='ltr'><strong>quod</strong></span> <span class='ocrx_word' id='word_1_398' title='bbox 943 3786 1125 3835; x_wconf 85' lang='lat' dir='ltr'><strong>virtuti</strong></span> <span class='ocrx_word' id='word_1_399' title='bbox 1181 3786 1344 3849; x_wconf 85' lang='lat' dir='ltr'><strong>possit</strong></span> <span class='ocrx_word' id='word_1_400' title='bbox 1402 3786 1665 3838; x_wconf 85' lang='lat' dir='ltr'><strong>resistere.</strong></span> <span class='ocrx_word' id='word_1_401' title='bbox 1745 3792 1881 3834; x_wconf 84' lang='lat' dir='ltr'><strong>tates</strong></span> <span class='ocrx_word' id='word_1_402' title='bbox 1925 3784 2154 3841; x_wconf 81' lang='lat' dir='ltr'><strong>Heroica</strong></span> <span class='ocrx_word' id='word_1_403' title='bbox 2215 3786 2502 3835; x_wconf 84' lang='lat' dir='ltr'><strong>constantia</strong></span> <span class='ocrx_word' id='word_1_404' title='bbox 2543 3788 2798 3849; x_wconf 81' lang='lat' dir='ltr'><strong>toleratae,</strong></span> 
     </span>
    </p>

    <p class='ocr_par' dir='ltr' id='par_1_19' title="bbox 602 3859 2797 3927">
     <span class='ocr_line' id='line_1_44' title="bbox 602 3859 2797 3927; baseline 0.001 -17"><span class='ocrx_word' id='word_1_405' title='bbox 602 3862 623 3893; x_wconf 77' lang='lat'><strong>⁸</strong></span> <span class='ocrx_word' id='word_1_406' title='bbox 644 3859 795 3910; x_wconf 79' lang='lat' dir='ltr'><strong>Invia</strong></span> <span class='ocrx_word' id='word_1_407' title='bbox 814 3861 996 3910; x_wconf 82' lang='lat' dir='ltr'><strong>virtuti</strong></span> <span class='ocrx_word' id='word_1_408' title='bbox 1012 3862 1152 3909; x_wconf 82' lang='lat' dir='ltr'><strong>nulla</strong></span> <span class='ocrx_word' id='word_1_409' title='bbox 1167 3868 1247 3911; x_wconf 81' lang='lat' dir='ltr'><strong>est</strong></span> <span class='ocrx_word' id='word_1_410' title='bbox 1270 3860 1389 3910; x_wconf 68' lang='lat' dir='ltr'><strong>via!</strong></span> <span class='ocrx_word' id='word_1_411' title='bbox 1732 3860 2084 3924; x_wconf 69' lang='lat' dir='ltr'><strong>praeferendae</strong></span> <span class='ocrx_word' id='word_1_412' title='bbox 2128 3868 2251 3915; x_wconf 83' lang='lat' dir='ltr'><strong>sunt</strong></span> <span class='ocrx_word' id='word_1_413' title='bbox 2287 3862 2550 3927; x_wconf 79' lang='lat' dir='ltr'><strong>prosperis</strong></span> <span class='ocrx_word' id='word_1_414' title='bbox 2583 3864 2797 3913; x_wconf 85' lang='lat' dir='ltr'><strong>aliorum</strong></span> 
     </span>
    </p>
   </div>
   <div class='ocr_carea' id='block_1_11' title="bbox 598 3938 2796 4309">
    <p class='ocr_par' dir='ltr' id='par_1_20' title="bbox 598 3938 2647 4005">
     <span class='ocr_line' id='line_1_45' title="bbox 598 3938 2647 4005; baseline 0.001 -19"><span class='ocrx_word' id='word_1_415' title='bbox 598 3956 607 3965; x_wconf 90' lang='lat'><strong>·</strong></span> <span class='ocrx_word' id='word_1_416' title='bbox 670 3941 771 3987; x_wconf 78' lang='lat'><strong>41⁰</strong></span> <span class='ocrx_word' id='word_1_417' title='bbox 803 3938 1011 3999; x_wconf 82' lang='lat' dir='ltr'><strong>Punica]</strong></span> <span class='ocrx_word' id='word_1_418' title='bbox 1048 3938 1247 3987; x_wconf 83' lang='lat' dir='ltr'><strong>Feritas</strong></span> <span class='ocrx_word' id='word_1_419' title='bbox 1272 3938 1663 4002; x_wconf 67' lang='lat' dir='ltr'><strong>Carthaginien·</strong></span> <span class='ocrx_word' id='word_1_420' title='bbox 1739 3940 2080 3990; x_wconf 83' lang='lat' dir='ltr'><strong>successibus.</strong></span> <span class='ocrx_word' id='word_1_421' title='bbox 2641 3998 2647 4005; x_wconf 28' lang='grc' dir='ltr'>ι</span> 
     </span>
    </p>

    <p class='ocr_par' dir='ltr' id='par_1_21' title="bbox 604 4012 2794 4083">
     <span class='ocr_line' id='line_1_46' title="bbox 604 4012 2794 4083; baseline -0.001 -17"><span class='ocrx_word' id='word_1_422' title='bbox 604 4017 755 4081; x_wconf 76' lang='lat' dir='ltr'><strong>sium,</strong></span> <span class='ocrx_word' id='word_1_423' title='bbox 791 4019 882 4083; x_wconf 86' lang='lat' dir='ltr'><strong>qui</strong></span> <span class='ocrx_word' id='word_1_424' title='bbox 908 4018 1033 4067; x_wconf 79' lang='lat' dir='ltr'><strong>dicti</strong></span> <span class='ocrx_word' id='word_1_425' title='bbox 1057 4026 1177 4069; x_wconf 86' lang='lat' dir='ltr'><strong>sunt</strong></span> <span class='ocrx_word' id='word_1_426' title='bbox 1204 4018 1367 4079; x_wconf 62' lang='lat' dir='ltr'><strong>Potui,</strong></span> <span class='ocrx_word' id='word_1_427' title='bbox 1406 4032 1437 4067; x_wconf 79' lang='lat' dir='ltr'><strong>a</strong></span> <span class='ocrx_word' id='word_1_428' title='bbox 1458 4019 1664 4068; x_wconf 85' lang='lat' dir='ltr'><strong>Pboeni-</strong></span> <span class='ocrx_word' id='word_1_429' title='bbox 1803 4018 1900 4065; x_wconf 73' lang='grc'><strong>413</strong></span> <span class='ocrx_word' id='word_1_430' title='bbox 1936 4016 2126 4075; x_wconf 79' lang='lat' dir='ltr'><strong>Curius,</strong></span> <span class='ocrx_word' id='word_1_431' title='bbox 2147 4012 2412 4077; x_wconf 77' lang='lat' dir='ltr'><strong>Fabricius,</strong></span> <span class='ocrx_word' id='word_1_432' title='bbox 2428 4014 2678 4078; x_wconf 71' lang='lat' dir='ltr'><strong>Serranus]</strong></span> <span class='ocrx_word' id='word_1_433' title='bbox 2705 4012 2794 4063; x_wconf 61' lang='lat' dir='ltr'><strong>De</strong></span> 
     </span>
    </p>

    <p class='ocr_par' dir='ltr' id='par_1_22' title="bbox 604 4090 2796 4159">
     <span class='ocr_line' id='line_1_47' title="bbox 604 4090 2796 4159; baseline 0 -18"><span class='ocrx_word' id='word_1_434' title='bbox 604 4092 691 4141; x_wconf 79' lang='lat' dir='ltr'><strong>cia</strong></span> <span class='ocrx_word' id='word_1_435' title='bbox 712 4094 918 4159; x_wconf 81' lang='lat' dir='ltr'><strong>regione</strong></span> <span class='ocrx_word' id='word_1_436' title='bbox 950 4094 1109 4158; x_wconf 77' lang='lat' dir='ltr'><strong>Asiae,</strong></span> <span class='ocrx_word' id='word_1_437' title='bbox 1143 4095 1279 4144; x_wconf 87' lang='lat' dir='ltr'><strong>unde</strong></span> <span class='ocrx_word' id='word_1_438' title='bbox 1297 4096 1399 4145; x_wconf 87' lang='lat' dir='ltr'><strong>orti</strong></span> <span class='ocrx_word' id='word_1_439' title='bbox 1420 4102 1571 4158; x_wconf 79' lang='lat' dir='ltr'><strong>sunt3</strong></span> <span class='ocrx_word' id='word_1_440' title='bbox 1607 4101 1665 4145; x_wconf 89' lang='lat' dir='ltr'><strong>et</strong></span> <span class='ocrx_word' id='word_1_441' title='bbox 1741 4092 1820 4142; x_wconf 83' lang='lat' dir='ltr'><strong>his</strong></span> <span class='ocrx_word' id='word_1_442' title='bbox 1844 4092 2078 4145; x_wconf 76' lang='lat' dir='ltr'><strong>omnibus</strong></span> <span class='ocrx_word' id='word_1_443' title='bbox 2099 4093 2192 4144; x_wconf 84' lang='lat' dir='ltr'><strong>lib.</strong></span> <span class='ocrx_word' id='word_1_444' title='bbox 2217 4106 2257 4145; x_wconf 79' lang='grc' dir='ltr'><strong>ι.</strong></span> <span class='ocrx_word' id='word_1_445' title='bbox 2293 4094 2347 4143; x_wconf 83' lang='lat' dir='ltr'><strong>ia</strong></span> <span class='ocrx_word' id='word_1_446' title='bbox 2380 4090 2501 4145; x_wconf 78' lang='lat' dir='ltr'><strong>Rus.</strong></span> <span class='ocrx_word' id='word_1_447' title='bbox 2523 4106 2569 4143; x_wconf 80' lang='lat' dir='ltr'><strong>v.</strong></span> <span class='ocrx_word' id='word_1_448' title='bbox 2589 4094 2703 4143; x_wconf 76' lang='lat'><strong>2⁰⁰.</strong></span> <span class='ocrx_word' id='word_1_449' title='bbox 2737 4094 2796 4141; x_wconf 82' lang='lat' dir='ltr'><strong>et</strong></span> 
     </span>
    </p>

    <p class='ocr_par' dir='ltr' id='par_1_23' title="bbox 605 4166 2786 4309">
     <span class='ocr_line' id='line_1_48' title="bbox 605 4166 2786 4236; baseline 0.003 -21"><span class='ocrx_word' id='word_1_450' title='bbox 605 4166 729 4217; x_wconf 71' lang='lat' dir='ltr'><strong>irinc</strong></span> <span class='ocrx_word' id='word_1_451' title='bbox 751 4167 997 4219; x_wconf 72' lang='lat' dir='ltr'><strong>Punicus.</strong></span> <span class='ocrx_word' id='word_1_452' title='bbox 1470 4171 1478 4179; x_wconf 76' lang='grc'><strong>”</strong></span> <span class='ocrx_word' id='word_1_453' title='bbox 1744 4184 1892 4236; x_wconf 85' lang='lat' dir='ltr'><strong>seqq.</strong></span> <span class='ocrx_word' id='word_1_454' title='bbox 2779 4169 2786 4177; x_wconf 91' lang='lat'>&#39;</span> 
     </span>
     <span class='ocr_line' id='line_1_49' title="bbox 672 4242 1669 4309; baseline 0.001 -14"><span class='ocrx_word' id='word_1_455' title='bbox 672 4246 769 4295; x_wconf 70' lang='lat'><strong>411</strong></span> <span class='ocrx_word' id='word_1_456' title='bbox 804 4244 1009 4309; x_wconf 63' lang='lat' dir='ltr'><strong>Regula]</strong></span> <span class='ocrx_word' id='word_1_457' title='bbox 1048 4242 1265 4295; x_wconf 77' lang='lat' dir='ltr'><strong>Marcus</strong></span> <span class='ocrx_word' id='word_1_458' title='bbox 1310 4243 1527 4297; x_wconf 84' lang='lat' dir='ltr'><strong>Attilius</strong></span> <span class='ocrx_word' id='word_1_459' title='bbox 1560 4242 1669 4296; x_wconf 81' lang='lat' dir='ltr'><strong>Re-</strong></span> 
     </span>
    </p>
   </div>
  </div>
 </body>
</html>
