3184 4967
577 427 670 498 46
1265 481 1272 488 .
1399 441 1958 495 rnonneounNA
2018 443 2025 450 ·
2072 441 2083 480 τ

579 587 798 654 soleat
827 587 1272 671 acquiescere,
1323 587 1441 652 sed
1465 591 1544 654 ut
1569 589 1885 653 attonitos
1920 588 2221 652 homines
2248 586 2542 669 reddant,
2576 591 2777 660 mira?

580 690 872 776 culoque
925 693 1306 772 stupentes3
1377 689 1476 753 ita
1532 690 1732 752 etiam
1788 690 1857 752 in
1936 690 2306 756 elocutione
2362 695 2558 757 nullae
2616 700 2771 758 sunt

577 793 896 860 luminum
950 798 1018 856 et
1067 793 1446 854 umbrarum
1501 797 1705 874 gratae
1765 791 1973 867 viceS,
2024 809 2394 874 suavesque
2450 794 2767 871 misturae,

579 896 836 963 colores
867 913 998 958 non
1041 894 1126 958 ad
1169 895 1512 956 veritatem
1553 893 1895 974 temperati
1941 911 2283 976 rerumque
2326 903 2581 960 naturae
2612 909 2776 960 con-³

578 997 951 1074 venientes3
1017 996 1218 1060 nullae
1268 1001 1490 1077 partes
1535 997 1869 1077 sapienter
1918 997 2235 1078 neglectae
2287 999 2619 1074 recedunt,
2671 1000 2770 1074 ut,

577 1117 733 1181 quae
803 1100 1096 1181 potiores
1169 1097 1327 1172 sint,
1420 1101 1658 1178 sponte
1726 1085 2074 1172 emineant,
2158 1097 2274 1160 sed
2344 1097 2431 1160 ad
2498 1098 2769 1162 modurn

577 1198 977 1284 picturarum
1055 1197 1430 1261 sinensium
1500 1215 1739 1279 magna
1808 1203 1917 1261 est
1989 1217 2200 1262 rerum
2268 1201 2555 1262 varietas
2628 1200 2769 1263 siue·

575 1301 714 1366 ulla
761 1301 1188 1383 copulatione
1243 1304 1312 1362 et
1367 1299 1673 1376 consilio,
1715 1299 1969 1362 lumina
2024 1300 2251 1364 ardent
2305 1300 2591 1364 tenebris
2650 1301 2769 1364 ad·-
2868 1307 2875 1312 ’

535 1401 790 1485 ·jectis‚
835 1402 1315 1484 pigmentorum
1359 1401 1574 1482 fulgor
1612 1403 1845 1466 oculos
1882 1404 2167 1483 graviter
2210 1403 2372 1477 ferit,
2418 1403 2771 1486 omniaque

575 1503 782 1588 plana
853 1510 920 1566 et
979 1504 1046 1565 in
1111 1503 1340 1566 eadem
1396 1503 1748 1586 superficie
1812 1503 2106 1586 jacentia
2171 1503 2765 1586 deprehenduntur.

575 1603 746 1670 Cum
781 1606 1040 1668 animus
1084 1602 1306 1686 poetae
1334 1605 1532 1667 rebus
1577 1605 1745 1686 ipsis
1786 1623 1923 1668 non
1958 1623 2353 1687 magnopere
2380 1609 2770 1683 moveretur,

571 1707 994 1770 nihilominus
1051 1712 1272 1769 tamen
1321 1703 1597 1768 affectus
1646 1706 2059 1769 vehementes
2096 1709 2317 1768 essent
2370 1705 2763 1769 simulandi:

566 1809 662 1874 >ad
710 1827 830 1872 eas
882 1807 1180 1889 confugit
1233 1807 1550 1884 rationes,
1602 1827 1771 1890 quas
1818 1825 1993 1872 verae
2022 1808 2259 1872 mentis
2289 1806 2765 1870 commotiones

571 1907 1060 1990 antiquioribus
1104 1905 1318 1988 po‘etis
1341 1914 1408 1972 et
1433 1909 1805 1972 oratoribus
1846 1915 2334 1989 suggesserant,
2378 1907 2599 1989 iisque
2644 1915 2771 1990 pro·

570 2009 1020 2073 instrumentis
1077 2028 1238 2072 usus
1286 2014 1390 2072 est
1463 2011 1550 2074 ad
1618 2029 1853 2074 sensus
1906 2009 2338 2084 simulandoS,
2389 2025 2561 2092 quas
2616 2009 2768 2090 ipse

570 2109 816 2181 habere
857 2129 984 2174 non
1028 2115 1278 2192 posset.
1370 2110 1609 2193 Neque
1644 2130 1803 2174 sane
1832 2110 2063 2173 mirum
2094 2117 2220 2186 est,
2250 2111 2433 2173 illum
2458 2109 2771 2172 inflatum-

567 2212 819 2296 passim
871 2215 938 2274 et
993 2210 1318 2275 tumidum
1367 2231 1522 2274 esse
1565 2211 1841 2287 sactum,
1888 2211 2005 2274 ubi
2050 2210 2319 2292 grandis
2354 2215 2421 2273 et
2462 2209 2765 2274 sublimis

568 2311 779 2377 videri
807 2311 1031 2389 vellet,
1061 2331 1212 2376 cum
1243 2312 1394 2395 ipsa
1423 2312 1805 2376 ostentandi
1832 2311 2001 2376 ratio
2030 2312 2124 2374 ita
2152 2312 2239 2374 sit
2258 2315 2663 2393 comparata,
2691 2315 2767 2376 ut

569 2433 724 2500 quae
755 2414 824 2476 in
845 2414 1062 2488 medio
1089 2415 1315 2496 posita
1344 2419 1493 2478 sunt
1530 2421 1839 2492 transeat,
1870 2420 1939 2478 et
1956 2421 2252 2479 extrema
2274 2433 2534 2496 semper
2555 2418 2768 2477 secte--

569 2521 694 2579 tur.
779 2513 1069 2592 Quando
1097 2516 1272 2578 enirn
1297 2516 1434 2579 veri
1459 2535 1698 2579 sensns
1725 2515 1981 2595 desunt,
2010 2515 2293 2598 ideoque
2328 2515 2493 2578 nihil
2516 2519 2642 2590 est,
2674 2512 2765 2577 ad

566 2617 748 2702 quod
775 2617 982 2681 verba
1007 2620 1073 2681 et
1097 2614 1414 2680 dictiones
1442 2615 1727 2697 resera-«³3
1784 2615 1925 2680 fieri
1952 2635 2087 2680 non
2112 2621 2356 2699 potest,
2382 2616 2539 2699 quin
2566 2615 2765 2679 tumi-

563 2718 656 2782 da
681 2717 866 2794 fiant,
913 2737 1064 2800 quae
1095 2718 1412 2782 sublimia
1455 2718 1689 2795 velles,
1736 2719 2059 2802 improba,
2116 2737 2271 2800 quae
2316 2717 2646 2792 audentia,
2696 2718 2801 2781 et'

493 2849 500 2854 ·
561 2818 786 2895 nimia,
817 2837 968 2900 qnae
994 2818 1210 2899 plena.
1300 2818 1555 2882 Omnes
1583 2824 1922 2902 praeterea,
1953 2819 2067 2902 qui
2088 2819 2374 2900 ingenio,
2408 2818 2513 2882 vel
2532 2821 2765 2884 natura

563 2919 674 2986 vel
725 2917 1202 2984 consuetudine
1258 2919 1785 3000 circumscripte,
1830 2923 2123 2996 utuntur,
2176 2923 2256 2983 ut
2296 2923 2507 2983 totum
2549 2921 2767 2982 mente

564 3020 940 3110 complecti,
989 3021 1342 3102 partesque
1393 3021 1556 3082 inter
1600 3039 1673 3084 se
1716 3020 1805 3084 ad
1844 3019 2367 3084 convenientiam
2414 3020 2621 3084 totius
2648 3039 2767 3084 ac-

564 3121 978 3184 commodate
1027 3120 1374 3202 disponere
1403 3139 1532 3183 non
1575 3122 1855 3199 valeant,
1900 3123 1969 3185 in
2006 3120 2285 3203 singulis
2314 3121 2645 3198 membriS,
2674 3120 2762 3184 iis

562 3222 951 3306 praesertim,
983 3241 1134 3304 quae
1155 3222 1612 3303 amplissimas
1638 3222 2115 3305 descriptiones
2134 3222 2500 3300 admittant,
2520 3241 2766 3287 ornan-

561 3319 671 3386 dis
715 3324 1026 3404 occupati
1074 3343 1220 3386 esse
1261 3324 1498 3387 solent.
1588 3322 1799 3406 Cujus
1837 3327 1933 3388 rei
1962 3325 2269 3406 exempla
2303 3343 2453 3388 cum
2481 3325 2763 3406 plurima

563 3425 742 3510 apud
769 3426 1143 3488 recentioris
1173 3425 1484 3506 temporis
1511 3424 1771 3506 poetas,
1803 3434 1943 3488 tum
1974 3427 2177 3489 etiam
2222 3425 2398 3509 apud
2439 3424 2767 3490 Nostrum-

561 3532 952 3602 occurrunt3
1001 3525 1194 3598 adeO,
1249 3529 1324 3587 ut
1369 3525 1690 3588 interdum
1738 3526 2079 3590 videantur
2106 3529 2240 3590 illis
2278 3526 2447 3590 locis
2473 3545 2610 3590 non
2637 3543 2763 3609 pro

558 3625 922 3692 luminibus
953 3645 1101 3688 esse
1131 3627 1258 3701 usi,
1289 3625 1536 3708 q'uibus
1558 3629 1766 3688 totum
1790 3625 2279 3708 distinguerent,
2310 3624 2433 3689 sed
2461 3625 2767 3691 carmina

559 3743 688 3790 sua
709 3727 1078 3808 scripsisse,
1119 3733 1192 3789 ut
1237 3725 1354 3790 fila
1381 3727 1717 3802 haberent,
1750 3728 1991 3809 quibus
2019 3727 2374 3807 gemmulas
2408 3724 2589 3802 istaS,
2612 3728 2761 3790 anto

557 3833 984 3910 comparatas
1039 3836 1104 3891 et
1154 3827 1420 3907 politas,
1498 3825 1729 3889 ordine
1786 3827 2002 3907 quasi
2044 3827 2518 3909 continuarent.
2610 3825 2759 3892 mae

497 3981 505 3989 .
558 3924 1036 4008 descriptiones
1086 3928 1284 3988 etim
1327 3926 1454 3989 hoc
1495 3925 1741 3988 habent
1769 3945 2136 4009 proprium,
2168 3925 2347 4008 quod
2378 3928 2595 3988 omnis
2624 3926 2761 3990 fero

557 4043 722 4090 cura
748 4039 1093 4088 consumta
1119 4032 1226 4088 est
1255 4026 1319 4087 in
1346 4024 1639 4089 materiis
1678 4027 2227 4108 exquisitissimis
2256 4035 2324 4089 et
2353 4025 2767 4108 pretiosissi-'

559 4127 688 4190 mis
731 4127 1024 4210 undique
1074 4125 1485 4208 colligendis»,
1537 4121 1709 4190 ratio
1754 4135 1998 4204 autem,
2032 4147 2171 4210 qua
2198 4130 2575 4210 composita
2602 4131 2759 4191 sunt

557 4227 806 4308 omnia,
862 4227 968 4293 vel
1015 4227 1278 4291 omnino
1325 4225 1643 4292 interdurn
1684 4228 1977 4312 neglecta
2016 4233 2141 4306 est,
2186 4221 2291 4294 vel
2344 4235 2481 4294 tam
2509 4226 2757 4292 insulse
