3184 4967
1095 344 1178 394 m
1230 345 1344 392 cz..
1389 341 1928 392 oLAUmANUM.
2522 325 2617 394 43

413 489 763 554 veniamus
785 485 1050 552 tandem
1067 486 1154 553 ad
1175 487 1687 552 enuntiationem
1708 505 1824 550 seu
1846 485 1935 550 ad
1954 484 2243 550 indolem
2268 487 2613 565 sermonis,

417 608 554 673 quo
599 594 704 652 est
746 607 934 652 usus.
1023 587 1288 672 Scripta
1332 588 1476 672 ejus
1505 587 1614 651 vel
1662 588 1874 652 obiter
1921 587 2340 670 perlustranti
2386 587 2613 652 statim

415 697 718 773 apparet,
789 691 973 754 illum
1027 689 1416 754 adhibuisse
1441 681 1450 698 ⁸
1472 690 1741 754 dicendi
1793 707 1997 770 genus
2051 688 2613 772 copiosissimum.

417 789 742 856 ornatum
767 791 1004 874 petivit
1032 809 1188 854 cum
1209 810 1301 854 ex
1327 792 1526 854 rebus
1547 795 1689 852 tum
1708 809 1795 854 ex
1814 790 2173 854 sententiis.
2258 788 2371 854 Ad
2396 809 2613 856 rerum

417 894 710 975 copiam,
741 903 874 975 qua
898 911 1164 975 semper
1185 892 1296 956 vel
1325 893 1393 954 in
1423 898 1805 973 arg-umento
1832 892 2123 956 maxime
2150 893 2329 955 tenni
2358 897 2427 956 et
2450 891 2613 958 exili

413 993 586 1068 solet
613 992 970 1070 abundare,
1015 993 1295 1076 pertinet
1321 991 1641 1056 docuinae
1673 994 2044 1068 ostentatio,
2092 1011 2229 1076 qua
2256 1011 2451 1057 nemo
2478 993 2615 1058 sere

408 1092 761 1177 poetarum
783 1092 1166 1158 Latinorum
1195 1099 1350 1158 ante
1369 1111 1524 1156 eum
1545 1097 1887 1175 tantopere
1914 1093 2045 1156 sibi
2073 1093 2409 1175 placuisse
2430 1093 2617 1158 vide-

413 1199 544 1270 tur,
591 1213 974 1278 quanquam
1014 1194 1419 1278 jampridem
1467 1213 1617 1258 eam
1644 1191 1959 1258 adhibere
1986 1200 2350 1277 coeperant,
2402 1213 2615 1278 eoque

413 1294 657 1378 majori
695 1315 957 1380 semper
997 1295 1248 1373 studio,
1293 1315 1428 1378 quo
1470 1297 1687 1379 magis
1726 1295 1973 1378 ingenii
2017 1295 2368 1374 defectum,
2416 1296 2615 1378 cujus

413 1395 548 1461 sibi
577 1397 830 1462 conscii
858 1403 1104 1476 essent,
1137 1398 1274 1461 illis
1303 1399 1619 1467 subsidiis
1648 1403 1963 1482 cuperent
1986 1397 2317 1480 supplere.
2406 1395 2613 1474 Quod

415 1497 690 1581 quidem
719 1499 1034 1578 studium,
1079 1499 1276 1582 cujus
1317 1499 1466 1564 fons
1509 1500 1581 1562 in
1620 1505 1861 1564 natura
1902 1498 2103 1562 animi
2144 1496 2435 1574 humani,
2477 1516 2613 1561 non

411 1617 592 1674 verae
621 1599 916 1676 utilitati,
961 1599 1082 1664 sed
1109 1600 1308 1664 famae
1351 1601 1555 1678 inani,
1602 1600 1943 1665 servientis
1969 1601 2237 1682 partim,
2282 1598 2517 1682 partim
2544 1600 2615 1662 in

415 1701 570 1784 ipsa
593 1699 896 1764 imitandi
918 1702 1172 1766 ratione
1195 1702 1364 1766 situs
1393 1709 1517 1781 est,
1561 1702 1745 1767 nulla
1774 1703 1911 1766 alia
1938 1702 2175 1766 civitas
2200 1701 2415 1781 magis
2436 1698 2616 1764 alere

415 1807 618 1884 atque
645 1803 938 1866 excitare
965 1808 1252 1885 poterat,
1296 1821 1493 1886 quam
1539 1800 1969 1880 Alexandria,
2012 1806 2078 1866 et
2119 1803 2407 1866 virorum
2432 1799 2611 1865 omni

403 1900 749 1966 literarum
776 1921 1008 1984 genere
1051 1902 1394 1968 doctorum
1439 1905 1662 1987 copia,
1706 1909 1777 1966 et
1816 1907 2373 1970 monumentomm
2403 1903 2614 1985 scrip·

411 2008 632 2090 torum
660 2004 1095 2082 multitudine,
1143 2004 1261 2069 ubi
1307 2023 1570 2069 summa
1612 2003 1905 2068 omnium
1934 2004 2171 2067 artium
2200 2021 2282 2066 ac
2309 2002 2614 2086 discipli-

409 2123 669 2181 narum,
713 2124 881 2188 quas
894 2105 1174 2189 'quidem
1219 2114 1376 2173 tunc
1421 2107 1759 2172 hominum
1802 2105 2073 2170 solertia
2094 2102 2613 2185 excogitaverat,

411 2206 596 2271 brevi
639 2213 708 2271 et
747 2207 928 2272 nullo
989 2207 1125 2272 fere
1185 2209 1449 2290 negotio
1493 2212 1757 2291 poterat
1796 2207 2041 2287 colligi.
2132 2203 2286 2282 Quo
2330 2205 2617 2289 amplior

413 2311 636 2372 autem
663 2312 732 2372 et
759 2307 1058 2374 diffusior
1085 2314 1228 2373 erat
1264 2329 1480 2374 rerum
1509 2309 1817 2391 cognitio,
1860 2327 1993 2391 qua
2020 2308 2403 2372 memoriam
2425 2305 2615 2372 locu-

409 2407 772 2489 pletabant,
833 2430 914 2474 eo
956 2411 1171 2475 minor
1214 2410 1480 2474 suberat
1517 2409 1807 2474 facultas
1848 2415 2063 2474 mente
2104 2415 2171 2472 et
2212 2408 2617 2490 cogitatione

413 2528 562 2574 eam
587 2509 942 2592 digerendi,
987 2512 1262 2595 ejusque
1293 2510 1580 2574 acumini
1606 2510 2029 2592 subjiciendi.
2122 2507 2283 2586 Qua
2308 2510 2612 2586 utilitate,

413 2629 573 2694 quae
618 2611 702 2674 ad
748 2611 1184 2696 subigendum
1243 2611 1793 2694 fol-mandumque
1854 2611 2181 2692 ingenium
2242 2610 2447 2675 unica
2486 2617 2613 2689 est,

409 2712 614 2794 plane
641 2711 906 2776 tandem
935 2711 1262 2794 neglecta,
1307 2712 1424 2775 illa
1471 2712 1623 2775 sola
1666 2718 1775 2776 est
1818 2711 2073 2787 relicta,
2121 2730 2241 2794 per
2268 2729 2343 2776 se
2366 2713 2615 2776 nullius

409 2816 632 2896 pretii,
697 2833 900 2896 quam
942 2815 1014 2878 in
1077 2815 1511 2879 ostentatione
1573 2815 1871 2878 scientiae
1918 2813 2361 2879 collocabant.
2452 2813 2613 2878 Hac

409 2935 685 3000 quoque
709 2917 814 2980 usi
841 2921 994 2980 sunt
1019 2914 1272 2998 poetae,
1311 2933 1436 2978 nec
1473 2913 1545 2977 in
1583 2915 1936 2996 postremis
1966 2913 2396 2982 Claudianus.
2482 2913 2611 2977 So-

406 3019 544 3084 lent
569 3018 835 3102 quidem
865 3019 1088 3102 vulgo,
1133 3020 1202 3082 in
1229 3018 1468 3101 quibus
1506 3016 1731 3099 poetis
1758 3017 1917 3080 illud
1944 3017 2245 3082 studium
2270 3036 2345 3080 se
2372 3016 2612 3094 exerit,

409 3139 530 3186 eos
573 3120 814 3185 doctos
841 3139 1110 3196 vocare,
1153 3137 1506 3202 eorumque
1549 3117 1919 3182 doctrinam
1961 3137 2361 3203 magnopere
2402 3117 2615 3182 admi-

408 3223 580 3284 rari:
643 3239 902 3298 verum,
945 3220 1210 3285 etiamsi
1251 3237 1500 3296 sumaS,
1545 3237 1679 3281 non
1710 3219 1955 3295 omnia,
2002 3239 2157 3304 quae
2186 3221 2449 3296 scirent,
2490 3237 2615 3282 eos

409 3321 748 3399 effudisse,
792 3321 916 3386 sed
964 3321 1152 3404 longe
1201 3322 1402 3403 plura
1446 3321 1823 3396 retinuisse,
1870 3321 2107 3386 solidae
2137 3327 2357 3386 tamen
2396 3320 2642 3384 erudi-·

409 3422 614 3488 tionis
687 3423 971 3505 gloriam
1012 3423 1396 3506 hujusmodi
1461 3422 1689 3507 poetae
1762 3441 2177 3506 nequaquam
2244 3413 2614 3502 merentur3

412 3524 946 3608 quandoquidem
1007 3525 1258 3601 omnia,
1321 3543 1474 3606 quae
1518 3523 1889 3601 venditant,
1955 3525 2193 3606 puerili
2256 3522 2483 3587 studio
2542 3523 2615 3586 in

411 3624 664 3690 scholis
691 3629 880 3690 erant
909 3630 1316 3708 comparata,
1347 3631 1466 3688 aut
1493 3624 1753 3692 aliunde
1783 3625 1972 3688 facili
2002 3623 2265 3704 negotio
2298 3625 2612 3705 quaesita,

409 3732 492 3791 ut
511 3720 832 3792 memoria
859 3732 1117 3790 tantum
1139 3745 1312 3809 opus
1333 3730 1510 3788 esset
1528 3724 1848 3790 mediocri
1870 3724 1957 3787 ad
1984 3743 2065 3788 ea
2090 3724 2615 3806 complectenda,

409 3827 730 3914 nullaque
755 3828 890 3894 fere
917 3830 1156 3892 mentis
1185 3826 1603 3892 contentione
1622 3825 1713 3890 ad
1740 3845 1825 3890 ea
1848 3825 2301 3906 intelligenda.
2387 3824 2613 3903 Quam

410 3930 500 3996 ob
518 3980 522 3984 .
543 3949 682 3994 rem
723 3930 970 4007 nescio,
1033 3949 1120 3993 an
1163 3931 1426 3994 vanitas
1488 3929 1748 3992 illorum
1792 3928 2017 4010 potius
2055 3926 2351 4006 ridenda,
2414 3931 2615 4010 quam

410 4029 732 4095 doctrinm
762 4031 1032 4096 ubertas
1075 4031 1502 4112 suspicienda
1537 4031 1649 4108 sit.
1736 4027 2147 4096 Claudianus
2174 4029 2249 4092 in
2272 4029 2359 4094 iis
2386 4031 2611 4109 rebus,

411 4149 570 4216 qnoe
629 4131 718 4201 ad
770 4130 1276 4216 philosophicas
1325 4131 1722 4214 disciplinas
1767 4129 2108 4213 pertinent,
2176 4150 2330 4198 eum
2386 4131 2611 4202 Mami

409 4230 834 4322 prudentiam
875 4233 1192 4312 laudaret,
1237 4251 1433 4301 suam
1470 4232 1691 4320 ipsius
1730 4232 2085 4308 lectoribus
2117 4233 2479 4317 ,iactitasse
2506 4236 2609 4301 vi-
