3184 4967
891 886 2421 1059 TESTIMONIA

1620 1270 1697 1307 ΒΕ

1079 1504 1290 1597 CL.
1375 1506 2229 1603 CLAUDIANO.

1387 1852 1905 1871 ————-—-—-

1159 2139 1406 2208 Romae
1433 2140 1717 2235 'Tabula
1754 2142 2155 2211 Marmorea.

559 2279 898 2370 STATUAE
953 2300 1140 2367 basis
1193 2316 1585 2378 marmorea,
1646 2301 1719 2365 in
1770 2302 1919 2367 foro
1974 2304 2253 2387 'IX-ajoni
2310 2304 2479 2371 inter
2532 2306 2769 2373 rmus

557 2402 824 2485 effossa,
913 2402 1281 2469 Claudiano
1355 2402 1486 2468 fait
1553 2396 2251 2471 honorificentissima.
2371 2404 2598 2485 Hanc,
2666 2424 2759 2473 ex

557 2504 888 2583 Claverio,
977 2508 998 2537 ‘
1044 2503 1466 2589 Pomponius
1537 2506 1794 2582 Laetus,
1871 2510 2002 2572 aevi
2078 2508 2185 2570 sui
2282 2506 2754 2587 QuintilianuS,

556 2604 852 2691 possedit
911 2612 1110 2691 atque
1173 2606 1254 2670 ‘in
1317 2606 1561 2671 honore
1614 2607 1888 2672 habuit-⁹
1993 2608 2217 2692 Hujus
2256 2610 2389 2673 tale
2448 2609 2575 2676 fuit
2619 2612 2759 2676 elo-

557 2714 778 2795 gium:
856 2714 876 2745 ‘
909 2711 1011 2777 Cl.
1060 2710 1428 2776 Claudiano
1481 2710 1576 2777 V.
1608 2710 1694 2775 G.
1746 2711 2042 2776 Tribuno
2101 2718 2171 2775 et
2224 2710 2533 2789 NotariO,
2591 2712 2763 2776 inter

556 2819 808 2877 ceteras
843 2814 1136 2894 ingentes
1179 2819 1348 2877 artes
1396 2813 2027 2896 praegloriosissimo
2056 2810 2441 2889 Poetarum,
2472 2813 2625 2876 licet
2672 2812 2760 2877 ad

555 2915 940 2979 memoriam
962 2914 1424 2995 sempiternam
1446 2915 1739 2979 carmina
1760 2914 1851 2977 ab
1875 2914 2108 2979 eodem
2127 2914 2385 2996 scripta
2406 2912 2759 2993 sufficiant,

557 3021 850 3079 attamen
903 3014 1261 3079 testimonii
1308 3015 1519 3097 gratia
1566 3015 1655 3077 ob
1695 3013 1939 3098 judicii
1989 3016 2095 3079 sui
2142 3013 2342 3078 fidem
2395 3015 2557 3080 DD.
2587 3014 2759 3081 NN.

558 3113 892 3179 Arcadius
919 3121 985 3181 et
1009 3114 1374 3191 Honorius,
1394 3115 1766 3179 felicissimi
1796 3135 1877 3181 ac
1905 3116 2275 3180 doctissimi
2297 3115 2761 3199 ImperatoreS,

559 3215 811 3280 Senatu
839 3220 1128 3298 petente,
1158 3219 1438 3279 statuam
1467 3216 1536 3277 in
1567 3214 1717 3279 foro
1748 3208 1909 3281 Divi
1948 3215 2223 3300 Trajani
2268 3218 2426 3299 erigi
2474 3218 2758 3281 colloca-

557 3318 744 3401 rique
766 3315 1148 3400 jusserunt.'
1253 3316 1392 3380 Ubi
1419 3320 1488 3381 et
1514 3316 1641 3381 hoc
1674 3317 2053 3391 Distichum
2086 3316 2401 3383 Graecum
2430 3323 2757 3402 repertum

560 3424 701 3483 est:

907 3520 1013 3581 Εἰν
1041 3518 1114 3580 ἑνὶ
1145 3514 1459 3602 Βιργιλίοιο
1489 3516 1604 3581 νόον
1632 3517 1729 3579 καὶ
1760 3523 1982 3598 μοῦσαν
2008 3516 2278 3607 Ὀμήρου,

997 3619 1346 3683 Κλαυὸιανόν
1373 3616 1562 3699 Ῥώμη
1596 3620 1691 3681 καὶ
1721 3620 1985 3698 βασιλεῖς
2016 3618 2225 3683 ἔθεσαν.

564 3720 772 3799 Quod
823 3721 922 3785 sic
971 3721 1059 3785 ad
1105 3722 1381 3786 verbum
1425 3722 1974 3803 interpretamur:
2028 3720 2231 3785 Roma
2276 3733 2336 3786 et
2380 3719 2604 3809 Reges,
2634 3742 2759 3806 seu.

562 3821 1027 3906 Imperatores,
1062 3831 1402 3905 posuerunt
1438 3820 1881 3899 Claudianum,
1914 3843 2033 3887 seu
2065 3828 2353 3890 statuam
2393 3824 2756 3905 Claudiani,

559 3924 863 3988 habentis
921 3922 988 3986 in
1055 3944 1127 3987 se
1198 3944 1320 3985 imo
1391 3920 1641 4007 Virgilii
1694 3933 1951 3987 mentem
2026 3934 2086 3987 et
2151 3923 2407 3987 Musam
2470 3924 2755 4006 Homeri,

562 4024 692 4087 hoe
749 4030 851 4089 est
905 4024 1109 4108 hujus
1164 4024 1666 4089 foecunditatem
1724 4032 1794 4089 et
1844 4026 2026 4090 illius
2082 4026 2435 4110 judicium.
2566 4027 2756 4106 Quid

563 4136 787 4195 autem
836 4131 1078 4215 majus,
1129 4149 1329 4213 quam
1387 4128 1456 4192 in
1505 4148 1643 4193 uno
1701 4134 1768 4194 et
1820 4131 2053 4195 eodem
2112 4128 2331 4194 Poeta
2383 4129 2755 4197 Claudiano

565 4226 919 4315 agnoscere
947 4229 1220 4314 Virgilii
1248 4230 1601 4315 judicium,
1625 4235 1694 4296 et
1721 4229 1991 4296 Musam
2022 4250 2139 4296 seu
2165 4230 2529 4297 ubertatem
2560 4234 2759 4316 atque
