3184 4967
450 314 679 445 „m

1248 422 1259 437 .
1300 391 1418 439 cl..
1462 390 1893 439 GLAU‘DIAM
1943 393 2012 440 V.

544 530 863 617 Arvaque
892 532 1273 618 Mysorum3
1318 533 1461 617 jam
1488 534 1650 597 nulli
1677 534 1896 598 flebile
1921 534 2257 610 damnum,

547 634 683 700 Sed
711 654 943 700 cursus
972 634 1263 699 solennis
1290 640 1452 712 erat,
1486 655 1904 719 campusque
1934 636 2142 701 furori

544 736 941 821 Expositus,
969 755 1373 818 sensumque
1398 738 1593 801 malis
1622 738 2000 802 detraxerat
2026 756 2212 801 usus·

544 834 707 904 Heu
732 839 885 918 heu,
914 859 1114 923 quam
1144 838 1459 903 brevibus
1487 845 1762 922 pereunt
1785 839 2076 921 iugentia
2103 838 2298 903 fatis!

544 940 905 1024 Imperium
935 946 1119 1005 tanto
1146 941 1504 1023 quaesitum
1532 941 1869 1024 sanguine,
1899 946 2084 1007 tanto

544 1040 923 1117 Servatum,
950 1040 1129 1123 quod
1158 1041 1337 1104 mille
1367 1042 1612 1105 ducum
1640 1060 1956 1125 peperere
1983 1042 2267 1121 laboreS,

545 1139 750 1220 Quod
778 1143 976 1207 tantis
1006 1140 1316 1206 Romana
1343 1162 1585 1206 manus
1614 1142 1957 1208 contexuit
1985 1145 2197 1222 anniS,

543 1242 853 1307 Proditor
879 1263 1046 1308 unus
1076 1244 1250 1307 iners
1278 1248 1559 1324 angusto
1590 1248 1882 1327 tempore
1913 1246 2126 1310 vertit.

631 1344 814 1408 Urbs
842 1346 1065 1421 etiam,
1092 1364 1352 1427 magnae
1382 1364 1537 1428 quae
1568 1345 1808 1410 dicitur
1833 1347 2080 1411 aemula
2109 1332 2373 1427 Romae,

542 1446 638 1512 Et
664 1444 1150 1513 Chalcedonius
1178 1450 1408 1510 contra
1436 1444 1788 1529 despectat
1815 1466 2072 1526 arena8‚

2651 1450 2740 1514 55

541 1638 867 1704 deploranda.-
889 1636 998 1696 jam
1021 1635 1220 1695 jactura
1238 1633 1417 1683 nemini
1438 1634 1776 1699 lacrymulis,
1809 1637 1892 1684 sed
1929 1635 2214 1685 incursiones
2233 1641 2369 1684 eram
2389 1636 2662 1698 ordinarie,
2693 1642 2744 1686 et

540 1702 653 1763 agri
671 1700 839 1761 offleeti
854 1698 1006 1747 rabiei
1026 1699 1264 1759 hostium,
1294 1713 1350 1747 ac
1370 1701 1648 1748 consuetudo
1681 1702 1922 1749 ademerat
1939 1714 2122 1749 sensum
2143 1701 2196 1748 ia
2217 1700 2417 1749 damnis.
2482 1700 2597 1749 Heu
2611 1699 2636 1749 !
2666 1715 2745 1751 res

540 1780 727 1827 magnoe
744 1779 885 1827 quam
905 1762 995 1811 lem·
1016 1768 1162 1813 ruunt
1192 1776 1305 1811 casu
1323 1762 1348 1812 Ι
1393 1778 1513 1812 unus
1547 1763 1780 1823 Rufinus,
1811 1762 2035 1827 perfidus,
2063 1764 2278 1826 imvm,
2309 1766 2581 1827 pessumdat
2613 1764 2744 1814 brevi

541 1834 771 1877 momnto
788 1832 1025 1890 sceptrum
1040 1830 1360 1889 comparatum
1381 1832 1517 1875 tanto
1536 1842 1717 1888 eruore,
1737 1833 2058 1880 conservatum
2076 1833 2210 1877 tanto
2232 1843 2438 1889 cruore,
2471 1826 2746 1892 quodfacto

540 1895 669 1941 anille
701 1894 968 1941 Due-torum
1004 1890 1363 1953 acquisiverunt,
1393 1892 1514 1965 quod
1536 1906 1630 1954 per
1654 1896 1727 1939 tot
1768 1893 1940 1939 saecula
1979 1893 2195 1941 Romana
2228 1897 2436 1954 potestas
2471 1894 2742 1943 connexuit.

548 1956 673 2006 Urbs
692 1970 869 2019 quoque
889 1953 1169 2018 quoefertar
1188 1953 1348 2003 fuisse
1368 1955 1537 2003 uvalis
1556 1956 1726 2005 Romoe
1746 1956 1972 2019 ingentis,
1991 1970 2048 2005 ae
2067 1972 2172 2020 qua·
2188 1956 2283 2005 sita
2303 1961 2372 2005 est
2393 1962 2558 2007 eontra
2571 1971 2742 2007 arenas

1465 2077 1759 2101 ‘NOOOOOOO
1765 2080 1820 2099 00

542 2166 647 2217 Nee
668 2179 760 2213 aon
780 2164 949 2214 Pann.
990 2164 1082 2213 alt.
1107 2162 1250 2212 Leid.
1286 2162 1387 2211 duo
1406 2164 1528 2213 Vat.
1562 2164 1750 2214 Petav.
1790 2179 1868 2228 pr.
1905 2166 2021 2215 Jam
2059 2166 2141 2216 vel
2182 2166 2310 2215 Nam
2330 2165 2501 2215 Oxou.
2528 2170 2741 2230 pru—46

539 2230 801 2279 Moesorum
819 2228 1023 2277 Tholos.
1046 2229 1285 2277 Mesorum
1306 2228 1427 2276 Vat.
1455 2234 1624 2289 quart.
1652 2228 1796 2277 Med.
1834 2242 1939 2278 sec.
1962 2230 2028 2277 Μ
2051 2244 2208 2279 sorum
2230 2231 2314 2278 vel
2334 2231 2590 2279 Moesorum
2612 2230 2741 2281 Exc.

540 2293 697 2354 Laeti,
734 2292 979 2342 azimorum
1014 2293 1167 2340 Voss.
1207 2306 1297 2342 non
1331 2292 1417 2343 ulli
1455 2291 1579 2341 Vat.
1621 2298 1792 2355 quart.
1835 2294 1963 2344 Exc.
2051 2308 2224 2343 ucens.
2250 2298 2460 2356 pin—48
2492 2308 2742 2357 sensusque

541 2358 684 2406 Prie.
706 2356 869 2405 Oisel.
893 2357 1011 2405 Pat.
1030 2356 1228 2417 Timan.
1270 2355 1465 2405 Mazar.
1490 2356 1719 2405 Floreat.
1761 2361 1817 2405 et
1839 2371 1968 2406 unus
1993 2356 2180 2406 HeinS.
2204 2359 2320 2407 mali
2340 2360 2462 2407 Vat.
2487 2372 2590 2407 sec.
2613 2358 2740 2408 Put.

540 2420 775 2471 Floreat.
813 2421 1005 2471 Mazar.
1029 2418 1172 2469 Med.
1196 2427 1363 2483 quart.
1401 2428 1457 2468 et
1496 2433 1601 2469 sec.
1637 2434 1670 2467 a
1691 2435 1758 2468 m.
1783 2434 1860 2482 pr.
1886 2422 2078 2471 Lovan.
2102 2422 2230 2471 Exc.
2255 2422 2472 2482 Lucens.
2496 2437 2576 2485 pr.
2602 2422 2742 2470 malie

539 2484 670 2535 Exc.
696 2485 915 2535 Lucens.
954 2498 1061 2531 sec.
1098 2497 1341 2545 sensusque
1373 2486 1527 2537 malus
1562 2484 1840 2533 Roth—49
1874 2484 1985 2533 Heu
2021 2486 2112 2535 heu
2149 2487 2532 2549 praestantiores
2555 2500 2741 2548 magno

538 2560 772 2606 numero,
797 2548 928 2596 Exc.
952 2549 1167 2596 Lucens.
1190 2562 1269 2609 pr.
1295 2546 1561 2595 ed.Parm.
1580 2548 1820 2596 etVicet.
1847 2549 2016 2597 Heheu
2039 2550 2238 2599 Mazar.
2264 2551 2526 2599 Leid.sec.
2553 2551 2737 2599 Petav.

537 2612 661 2663 duo.
678 2610 803 2663 Ald.
825 2612 939 2661 eheu
963 2612 1028 2659 al.
1052 2617 1111 2659 nt
1134 2610 1355 2662 Gesner.
1365 2610 1495 2667 satis
1518 2616 1623 2659 vet.
1647 2610 1693 2659 G
1734 2625 1777 2659 r.
1801 2611 1932 2679 Exc.
1953 2613 2172 2661 Lucens.
2198 2627 2301 2663 sec.
2321 2614 2496 2663 camis
2515 2622 2739 2679 quatuor

541 2678 665 2727 Vat.
688 2676 806 2726 Pal.
823 2676 977 2724 Farn.
1001 2674 1143 2723 Prie.
1180 2676 1327 2724 Rott.
1351 2674 1516 2724 Oisel.
1539 2675 1670 2724 Exc.
1741 2674 1847 2737 aeti,
1869 2691 1982 2739 quae
2006 2682 2062 2725 et
2081 2676 2210 2735 satis
2233 2678 2316 2727 vel
2336 2679 2462 2727 cuv-is
2485 2693 2516 2726 a
2534 2693 2604 2727 m.
2629 2691 2736 2727 sec.

537 2745 665 2789 —51
692 2740 899 2800 junxere
921 2740 1071 2789 Leid.
1095 2753 1171 2801 pr.
1198 2738 1592 2798 Oxumjunxere
1618 2738 1704 2787 vel
1715 2753 1938 2805 peperere
1961 2740 2223 2801 Reg.-52
2255 2742 2402 2793 armis
2423 2742 2546 2790 Vat.
2572 2742 2737 2805 quint.

537 2810 668 2857 -54
698 2805 889 2855 ducitur
910 2805 1031 2853 Vat.
1064 2817 1143 2866 pr.
1187 2802 1316 2853 Exc.
1356 2804 1578 2853 Luceus.
1618 2808 1827 2866 pre-55
1867 2803 1988 2857 Quoe
2030 2804 2367 2853 Chalcedonius
2403 2806 2587 2855 PetaV.
2613 2812 2736 2857 tert.

1527 2913 1577 2961 N
1586 2912 1742 2961 OTAE

600 3014 668 3059 46
702 3009 971 3073 Mysorum]
1005 3010 1181 3073 Mysia
1215 3009 1357 3072 regio
1392 3014 1471 3056 est
1502 3008 1597 3056 mi·
1673 3014 1730 3057 et
1750 3010 2086 3073 consuetudo,
2109 3026 2224 3075 quae
2247 3018 2325 3061 est
2347 3014 2510 3062 altera
2529 3021 2736 3079 natura,

532 3085 674 3135 noris
697 3085 835 3135 Asiae
855 3085 920 3134 ad
946 3084 1361 3149 Hellespontum.
1402 3084 1592 3133 Strabo
1674 3082 1944 3149 effecerat,
1981 3099 2048 3135 ne
2071 3088 2208 3136 mala
2243 3090 2458 3152 amplius
2483 3090 2736 3141 sentiren-

534 3160 804 3208 constitnit
824 3159 981 3209 etiam
1007 3160 1171 3222 Mysos
1201 3160 1253 3208 in
1292 3160 1501 3222 Europa
1538 3160 1590 3207 in

534 3234 753 3285 confinio
776 3234 1055 3283 Pannoniae
1080 3233 1144 3282 ad
1165 3234 1479 3295 Danubium,
1502 3249 1592 3296 pu-

534 3316 718 3378 tatque
742 3310 920 3373 Mysos
944 3307 1201 3360 Asiaticos
1223 3309 1287 3357 ab
1310 3309 1384 3357 his
1405 3324 1593 3359 nomen

532 3392 590 3436 et
604 3385 851 3447 originem
869 3385 1104 3434 traxisse.
1167 3384 1270 3433 Sed
1288 3382 1379 3433 hos
1396 3384 1595 3434 Plinius

530 3474 637 3511 non
660 3462 826 3527 Mysos
847 3461 939 3509 sed
960 3461 1133 3508 Moesos
1156 3461 1405 3522 appellat.
1440 3460 1596 3511 Unde

530 3538 587 3587 in
608 3538 706 3586 hoe
732 3536 1003 3587 Claudiani
1024 3536 1138 3585 loco
1160 3536 1391 3585 nonnulli
1413 3537 1597 3601 legunt

528 3610 806 3663 Moesorum.

594 3692 660 3737 4¹1
693 3686 934 3750 Solennis]
982 3686 1216 3739 Incurslo
1251 3687 1593 3737 Barbarorum

531 3762 815 3825 ordinaria,
856 3771 912 3811 et
960 3770 1182 3823 assueta,
1224 3762 1388 3811 fiebat
1430 3764 1593 3811 veluti

530 3852 649 3889 cum
669 3852 861 3903 pompa
877 3844 931 3889 et
949 3838 1258 3901 caerimonia,
1271 3851 1374 3887 non
1395 3836 1593 3900 furtim,

526 3915 618 3965 ned
638 3916 805 3978 palam
821 3921 878 3964 et
895 3914 1122 3977 publice,
1141 3919 1200 3962 ut
1217 3914 1424 3962 solenne
1443 3913 1589 3977 qnid-

1673 3166 1776 3211 tur.

1736 3239 1801 3285 52
1837 3237 2120 3303 Contemnit]
2151 3240 2350 3289 Multas
2367 3240 2566 3289 scilicet
2583 3239 2735 3291 urbes

1677 3315 1733 3358 et
1768 3310 2055 3373 provincias
2089 3313 2140 3361 in
2183 3329 2337 3363 unum
2360 3316 2504 3363 velut
2543 3330 2732 3378 corpus

1676 3384 1878 3448 imperii
1901 3388 2186 3451 contexuit,
2209 3396 2365 3453 atque
2387 3390 2680 3455 conjunxit.

1739 3464 1802 3509 53
1847 3462 2024 3525 Vertit]
2059 3464 2174 3511 Non
2207 3465 2398 3513 evertit
2429 3472 2602 3514 tamen
2625 3466 2731 3515 Ru-

1675 3533 1826 3605 finus,
1863 3536 1954 3585 sed
1995 3545 2232 3588 evertere
2255 3540 2498 3597 tentavit,
2538 3546 2596 3589 ut
2619 3540 2732 3603 ipse

1679 3612 1820 3660 velut
1842 3611 2016 3662 denuo
2050 3615 2328 3676 excitaret,
2365 3623 2522 3679 atque
2555 3615 2610 3664 in
2639 3630 2730 3666 suo

1673 3704 1834 3755 opere
1857 3690 2214 3755 triumpharet,
2234 3698 2492 3755 regnaret.

1737 3767 1802 3813 54
1842 3764 1966 3813 Urbs
2005 3766 2170 3829 etiam]
2243 3767 2734 3832 Constantinopolis,

1673 3851 1788 3904 qnae
1811 3852 1913 3887 non
1934 3839 2098 3887 solnm
2120 3842 2323 3901 aemula,
2358 3840 2446 3888 sed
2471 3846 2526 3889 et
2548 3847 2732 3905 postea

1673 3913 1861 3963 victrix
1898 3912 2001 3963 fluit
2039 3915 2236 3979 Romae,
2273 3922 2328 3965 et
2363 3916 2526 3965 altera
2565 3918 2731 3967 Roma

528 3992 684 4055 piam.
751 3993 822 4043 Et
856 3990 1033 4054 populi
1065 3990 1143 4038 his
1173 3990 1320 4039 malis
1356 3988 1589 4039 ferendis
1667 3989 1828 4041 dicta.

519 4065 635 4131 jam
658 4072 810 4115 erant
831 4063 1124 4115 assuefacti.

544 4138 547 4141 ’
591 4144 659 4188 48
690 4138 975 4204 Samumque
992 4140 1133 4189 malis
1160 4141 1437 4190 detraxerat
1456 4140 1587 4203 usus]

530 4214 871 4268 occalluerat
900 4214 1015 4279 jmn
1054 4216 1277 4267 omnium
1316 4216 1587 4282 patientia,

1732 4071 1796 4114 55
1834 4065 2188 4131 Chalcedonius]
2221 4066 2535 4130 Chalcedon,
2572 4066 2728 4117 hodie

1668 4138 1880 4203 &utar-i,
1900 4141 2184 4191 secundum
2205 4142 2429 4206 aliquos3
2465 4142 2584 4191 urbs
2605 4142 2725 4191 olim

1670 4222 1787 4269 erat
1823 4230 1888 4269 ea
1929 4222 2082 4282 parte
2121 4215 2262 4268 Asius
2299 4217 2367 4269 ad
2403 4218 2727 4283 Bosphorum
