3184 4967
568 372 703 439 318

577 531 735 611 Quo
764 536 1127 614 postquam
1156 528 1465 613 dilapsus
1492 524 1728 605 Amor,
1758 528 2128 610 longasque
2156 526 2407 611 peregit

574 630 806 697 Penna
835 635 1021 711 vias3
1066 633 1309 707 alacer,
1333 648 1676 714 passuque
1705 630 2046 712 superbior
2076 630 2295 694 intrat.

576 731 943 797 Caesariem
972 739 1133 796 tunc
1156 731 1329 795 forte
1357 730 1591 794 Venus
1621 730 1915 793 subnixa
1941 748 2222 795 corusco

577 832 911 915 Fingebat
940 834 1136 897 solio.
1226 832 1489 895 Dextra
1514 830 1826 914 laevaque
1856 849 2126 895 sorores

576 933 859 999 Stabant
882 930 1143 1001 Idaliae.
1232 932 1487 1015 Largos
1515 931 1666 996 haec
1694 932 1980 997 nectaris
2007 932 2250 995 imbres

578 1033 852 1115 Irrigat:
898 1036 1046 1100 haec
1073 1053 1301 1098 morsu
1327 1033 1668 1097 numerosi
1695 1030 1909 1096 dentis
1937 1033 2190 1097 eburno

580 1134 995 1201 Multifidum
1024 1136 1379 1199 discrimen
1408 1141 1591 1200 arat:
1641 1134 1760 1198 sed
1787 1135 1981 1197 tertia
2008 1137 2183 1198 retro

581 1236 721 1301 Dat
749 1239 975 1302 varios
1006 1256 1245 1314 nexus,
1278 1242 1343 1301 et
1364 1238 1549 1320 justo
1578 1236 1820 1301 dividit
1847 1236 2038 1299 orbes

578 1336 851 1414 Ordine,
881 1339 1249 1421 neglectam
1273 1342 1531 1420 partem
1558 1337 1864 1401 studiosa
1889 1336 2290 1419 relinquenS.

579 1438 749 1501 Plus
780 1458 957 1502 error
988 1439 1231 1502 decuit.
1316 1438 1598 1519 Speculi
1627 1456 1750 1499 nec
1779 1437 2002 1502 vultus
2031 1438 2271 1519 egebat

1318 384 1437 435 CL.
1488 382 1916 435 CLAUDIAM
1966 384 2043 435 X.

2603 829 2790 893 ,160

2656 1336 2790 1401 105

576 1586 691 1648 pido
712 1587 965 1642 descendit,
982 1591 1029 1634 et
1052 1588 1128 1634 ala
1148 1586 1257 1649 ejus
1290 1585 1491 1635 obsolvit
1525 1588 1620 1634 iter
1655 1588 1864 1647 longum,
1885 1586 2162 1646 ingreditur,
2191 1588 2345 1646 letus,
2381 1591 2430 1634 et
2447 1585 2698 1646 gloriosior
2717 1584 2796 1633 in·

580 1666 727 1699 cem.
792 1652 909 1699 Tum
920 1650 1055 1709 sorte
1081 1650 1234 1698 Venas
1252 1651 1423 1699 innixo
1436 1651 1551 1698 solio
1563 1652 1760 1699 micanti
1780 1650 1987 1699 comebat
2009 1653 2216 1713 capillos.
2255 1650 2452 1698 Sorores
2473 1650 2638 1699 Idalia
2659 1649 2793 1698 Cha·

582 1715 707 1763 rites
728 1715 946 1762 mebant
964 1714 1031 1762 ad
1052 1716 1275 1762 dextram
1296 1720 1343 1761 et
1362 1714 1627 1762 sinistram.
1699 1715 1821 1763 Hoee
1837 1716 2048 1777 aspergit
2067 1728 2228 1765 comte
2251 1715 2412 1777 ipsius
2433 1714 2614 1776 eopiosa
2627 1714 2792 1774 inge»-

578 1778 919 1827 temambrosioe
932 1795 948 1827 .-
981 1778 1081 1826 liaec
1100 1782 1289 1839 separat
1325 1777 1650 1841 differentiam
1671 1780 1810 1828 mati
1823 1778 1992 1840 plicen-
2011 1779 2228 1839 orbiam,
2253 1794 2372 1829 eum
2392 1779 2577 1841 pectine

581 1842 807 1891 habente
826 1842 995 1891 mauu
1036 1844 1225 1890 dentes:
1274 1846 1328 1889 at
1362 1844 1509 1891 tertia
1541 1848 1674 1891 retro
1709 1845 1855 1891 nectit
1894 1844 2128 1892 cincinnos
2157 1844 2380 1901 diversos,
2415 1848 2462 1891 et
2496 1841 2794 1891 discriminat

582 1908 761 1953 rotulos
800 1906 922 1954 serie
976 1906 1166 1967 aquali,
1214 1906 1435 1955 omittens
1476 1909 1686 1955 consulto
1737 1912 1925 1969 par-tem
1967 1921 2230 1956 comarum
2291 1909 2437 1956 velut
2494 1909 2794 1955 contemtoris.

583 1969 899 2031 Negligentia
940 1969 1097 2030 magis
1127 1971 1358 2020 convenit.
1424 1971 1593 2033 Neque
1622 1970 1779 2029 socies
1811 1970 2058 2033 indigebat
2094 1972 2426 2034 approbatione
2455 1970 2647 2034 speculi.
2709 1969 2796 2018 Si·

1510 2082 1598 2101 000
1604 2082 1869 2103 000000000

584 2158 689 2194 sec.
725 2149 981 2209 prorepunt
1016 2147 1097 2195 vel
1132 2148 1403 2209 proewdont
1441 2148 1672 2199 Florent.
1710 2150 1944 2197 Cinnam
1981 2146 2161 2198 Ambr.
2198 2162 2306 2197 sec.
2343 2161 2478 2195 succo
2515 2154 2622 2195 tres
2642 2146 2798 2195 Vatt.

586 2210 741 2259 Fam.
776 2210 922 2258 Med.
948 2224 1049 2259 sec.
1076 2210 1261 2261 Petav,
1284 2225 1389 2261 sec.
1415 2213 1537 2261 Put.
1564 2213 1666 2261 inc.
1691 2213 1875 2262 Heius.
1907 2214 2036 2274 ligno
2059 2211 2204 2261 Med.
2228 2218 2397 2275 quart.
2421 2210 2542 2260 Jun.
2575 2223 2655 2272 pr.
2689 2210 2796 2258 rivo

1967 2278 2092 2325 Lov.
2117 2278 2248 2325 Exc.
2285 2275 2506 2324 Schotti.
2543 2273 2795 2322 Heinsius

586 2338 897 2399 ascripserat
920 2352 1065 2401 seqq.
1089 2337 1156 2386 de
1181 2338 1439 2389 Balsamo.
1471 2340 1675 2390 Plinius
1699 2340 1812 2389 Lib.
1840 2354 1942 2389 x11.
1965 2354 2082 2403 cap.
2105 2346 2185 2390 25.
2209 2354 2360 2389 corru
2405 2346 2456 2386 to
2479 2340 2617 2398 loco,
2641 2338 2794 2400 cujus

582 2400 785 2449 initium
814 2402 830 2429 ‘
857 2401 1137 2450 Suavitatis
1160 2402 1398 2451 eximiae!
1462 2404 1658 2454 Justin.
1685 2403 1798 2453 Lib.
1825 2418 2021 2453 xxxw.
2059 2404 2286 2453 Rhodius
2309 2417 2340 2452 a
2400 2402 2684 2465 Composit.
2706 2404 2793 2450 33.

580 2464 817 2514 Scribon.
840 2465 1133 2525 Largi—97
1150 2466 1358 2530 dilapsus
1372 2467 1495 2517 Jun.
1520 2485 1600 2532 pr.
1619 2485 1686 2519 m.
1709 2484 1814 2518 sec.
1840 2469 2009 2519 Oxon.
2031 2469 2272 2517 sec.Var.
2296 2467 2395 2517 LL.
2417 2465 2503 2516 ed.
2528 2467 2686 2516 AntV.
2707 2467 2795 2515 ‹le-

582 2530 740 2591 lapsas
758 2530 977 2593 Rapbel.
998 2530 1101 2579 Μι.
1121 2531 1289 2580 Puim.
1312 2533 1441 2580 Exc.
1468 2533 1684 2583 Lucens.
1709 2548 1812 2582 sec.
1833 2540 1887 2582 et
1903 2534 1967 2581 al.
1987 2532 2236 2583 Heinsius
2259 2530 2574 2595 conjiciebat
2593 2532 2800 2580 delatus.

579 2593 781 2657 peremit
805 2594 929 2643 Vat.
951 2599 1250 2658 quart—98
1286 2596 1443 2645 Pam
1461 2598 1590 2647 Exc.
1607 2598 1826 2646 Lucens.
1849 2600 2057 2660 pia-99
2089 2602 2190 2645 nm
2200 2597 2336 2656 sorte
2357 2594 2542 2645 Ambr.
2562 2610 2642 2657 pr.
2665 2594 2796 2645 Jun-

586 2671 668 2721 pr.
702 2658 895 2707 Moret.
918 2674 1024 2707 sec.
1047 2658 1176 2709 Cod.
1200 2661 1382 2723 Epigr.
1408 2659 1752 2711 Ambr.—100
1788 2662 1992 2723 Figebot
2029 2663 2184 2709 Farn.
2224 2659 2458 2721 cingebat
2479 2661 2601 2709 vat.
2622 2658 2794 2722 quint.

584 2722 816 2771 Peetebat
838 2724 920 2771 vel
945 2723 1182 2785 Fingebat
1205 2724 1378 2773 Oxou.
1402 2740 1507 2774 sec.
1538 2726 1770 2788 Fingebat
1793 2727 1875 2775 vel
1899 2725 2134 2785 Fingebat
2158 2724 2341 2773 Petav.
2365 2727 2608 2787 piu—101
2642 2722 2802 2771 Idali-

582 2788 665 2835 des
687 2786 843 2836 Farn.
866 2788 987 2835 lotoe
1008 2789 1311 2837 Prie—102
1344 2790 1428 2836 hoc
1454 2790 1597 2839 Med.
1621 2794 1957 2853 quarn—103
1992 2789 2286 2853 Multifidam
2309 2790 2438 2838 Exc.
2463 2788 2594 2837 Laeti
2614 2792 2670 2835 et
2693 2785 2796 2835 Lu-

586 2864 848 2900 cens.sec.
864 2851 1202 2899 Multimodam
1216 2851 1395 2900 decem
1414 2853 1521 2915 alii,
1537 2854 1668 2904 Exc.
1692 2853 1894 2902 Schotti
1917 2860 1972 2901 et
1995 2853 2216 2902 Gevart.
2236 2852 2426 2901 Sched.
2450 2851 2591 2902 Gud.
2613 2850 2795 2900 Oxou.

587 2914 779 2964 Lovan.
800 2915 883 2963 ed.
904 2914 1081 2963 Parm.
1104 2922 1157 2964 et
1188 2916 1361 2963 Vicet.
1387 2915 1508 2965 Var.
1533 2919 1635 2966 LL.
1674 2916 1758 2967 ed.
1795 2915 1954 2967 Antv.
1996 2916 2293 2980 Multifidum
2332 2916 2414 2965 vel
2456 2914 2796 2964 Mauimodum

587 2976 773 3027 PetaV.
796 2983 1041 3041 pin—104
1074 2994 1224 3027 nexus
1244 2981 1400 3027 moe
1424 2979 1600 3028 Ambr.
1638 2994 1744 3029 sec.
1768 2981 1924 3029 orbem
1944 2982 1979 3031 J
1985 2996 2067 3030 un.
2093 2995 2171 3043 pr.
2205 2980 2334 3029 orbis
2355 2979 2456 3029 duo
2477 2980 2792 3028 Vatt.—lo⁵

586 3040 851 3103 relinquens
872 3041 1014 3089 Med.
1038 3056 1142 3089 sec.
1165 3042 1354 3104 reliquit
1378 3044 1498 3092 Vat.
1520 3059 1600 3106 pr.
1627 3044 1742 3093 Pal.
1770 3045 2000 3095 Floreat.
2027 3045 2171 3093 Med.
2196 3059 2274 3107 pr.
2298 3045 2523 3107 relinquit
2545 3050 2664 3094 octo
2687 3042 2794 3104 alii,

586 3103 709 3153 var.
733 3104 835 3155 LL.
859 3118 887 3153 e
911 3118 1073 3167 marg.
1092 3104 1265 3156 Parm.
1282 3106 1529 3156 Heinsius
1550 3108 1753 3171 relinqui
1767 3110 2252 3173 conjiciebat—106
2282 3109 2474 3171 speculi.
2495 3123 2612 3157 cum
2628 3105 2794 3171 τελείᾳ

1585 3206 1800 3255 NOTAE

584 2273 876 2323 octodecim
900 2274 1009 2335 alii,
1035 2274 1164 2321 Exc.
1190 2268 1406 2324 Lucens.
1429 2290 1533 2324 sec.
1555 2278 1660 2325 rivo
1694 2278 1778 2324 vel
1814 2277 1942 2338 ligno

652 3299 716 3347 97
754 3295 884 3359 Quo]
918 3298 1087 3349 Quem
1109 3299 1298 3360 locum,
1317 3299 1454 3363 quod
1478 3302 1650 3349 Vene-

588 3372 659 3425 ris
684 3374 928 3436 palatium
952 3382 1221 3439 postquam
1240 3373 1403 3425 Amor
1420 3376 1617 3438 attigit.

651 3454 717 3499 98
750 3449 1027 3514 &pei-bier]
1083 3451 1387 3514 Gloriosior,
1440 3459 1497 3501 et
1536 3453 1650 3515 ipso

584 3526 791 3576 incessu
798 3527 1103 3590 jactantior,
1119 3527 1257 3592 quod
1276 3527 1449 3579 fixerit
1470 3528 1650 3578 Hono-

586 3618 737 3652 rium.
1020 3632 1025 3635 -

653 3684 750 3729 100
783 3678 999 3744 Sorores]
1046 3682 1285 3732 Charites
1317 3699 1407 3733 seu
1442 3684 1646 3735 Gratiae

584 3754 903 3805 administrae
924 3758 1162 3809 Veneris.
1228 3760 1461 3810 Charites
1492 3774 1648 3823 porro

584 3837 707 3881 sunt
730 3836 834 3881 tres
859 3831 1043 3896 Aglaia
1063 3850 1155 3884 seu
1172 3835 1435 3900 Pasithea,
1451 3836 1649 3900 Thalia,

586 3914 643 3959 et
665 3910 1026 3973 Euphrosyne.

653 3988 748 4033 103
816 3986 1113 4052 Multifidam
1184 3988 1436 4037 discrimen
1514 3987 1649 4049 arat]

588 4059 771 4111 Crines
806 4062 882 4111 ita
902 4062 1091 4126 pectit,
1130 4068 1188 4113 ut
1221 4078 1371 4113 arare
1393 4062 1651 4125 videatur,

588 4148 780 4258 οοαίιέιιε
804 4135 1159 4188 discriminare
1196 4136 1343 4189 fissos
1378 4138 1431 4189 in
1455 4138 1647 4189 multas

586 4222 623 4273 p
706 4223 779 4261 es.

1797 3304 1891 3349 104
1927 3298 2102 3360 Orbes]
2134 3300 2373 3359 Botulus,
2409 3298 2594 3362 spiras,
2621 3312 2798 3347 coma·-

1731 3390 1860 3437 rnm,
1879 3390 1969 3423 seu
1991 3375 2204 3438 capillos
2222 3376 2274 3423 in
2295 3375 2473 3423 orbem
2493 3374 2798 3437 replicatos,

1728 3460 1784 3500 et
1809 3458 1864 3498 ut
1888 3451 1962 3499 ait
1986 3450 2227 3511 Ovidius,
2261 3450 2356 3499 ‘in
2395 3452 2618 3500 statione
2658 3450 2798 3514 posi·

1729 3525 1842 3576 tos?
2780 3565 2800 3583 .

1796 3609 1892 3654 106
1926 3606 2083 3653 Error
2117 3605 2300 3669 decuit]
2353 3607 2477 3655 Non
2511 3612 2595 3657 est
2628 3621 2796 3667 error,

1727 3680 1818 3729 sed
1843 3681 2163 3744 negligentia
2186 3680 2445 3744 quaedam,
2477 3696 2592 3745 quae
2624 3682 2796 3730 videri

1731 3763 1905 3818 posset
1947 3772 2112 3819 error,
2151 3764 2206 3805 et
2245 3770 2361 3820 quae
2399 3757 2563 3818 magis
2601 3756 2795 3805 decora

1726 3840 1826 3893 est,
1861 3847 2012 3896 quam
2053 3833 2097 3881 ai
2139 3846 2287 3881 coma
2324 3831 2615 3896 composito.
2648 3839 2798 3882 esset

1729 3907 2002 3971 diligentia
2020 3908 2421 3957 accuratissima.

1793 3984 2005 4047 Specali]
2063 3986 2184 4035 Non
2239 3983 2510 4047 indigebat
2561 3982 2796 4047 speculo,

1729 4060 1850 4125 quia
1873 4066 1986 4111 tota
2005 4060 2188 4109 domus
2225 4060 2530 4123 crystallina
2545 4066 2616 4110 ·et
2649 4073 2798 4124 gem-

1726 4141 1870 4185 mata
1891 4136 2155 4200 speculum
2177 4142 2307 4187 erat.
