3184 4967
579 368 711 435 806
942 420 957 433 .
1324 383 1438 431 CL.
1488 385 1916 433 cLAumAm
1969 386 2046 435 x,

1582 576 1795 627 NOTAE

582 735 731 774 mons
752 725 833 770 est
855 717 1131 769 altissimus
1153 717 1451 781 Thessaliae,
1486 718 1644 783 sylvis
1725 720 1858 769 loco.

583 795 945 849 frondentibus
967 794 1121 844 variis
1157 795 1212 843 in
1249 794 1376 843 locis
1397 796 1645 847 consitus.
1789 799 1855 844 22
1891 796 2074 859 Othrys
2089 798 2137 843 et
2161 792 2308 855 Ossa]
2358 793 2494 845 Sunt
2508 794 2790 843 Thessalia

584 872 859 935 Virgilius:
896 874 912 899 ‘
932 870 1253 920 Frondosum
1276 870 1431 935 Olym
1437 870 1596 935 pum.’
1725 876 1946 933 montes,
1965 871 2052 934 qui
2071 870 2258 933 saepius
2294 869 2346 917 in
2368 870 2464 918 hac
2487 870 2788 932 nuptiarum

652 946 969 1012 Hymenaeus]
1037 946 1139 996 Vel
1192 946 1418 1010 Hymen,
1492 948 1644 995 Deus
1726 946 2053 1009 celebritate,
2074 953 2319 996 resonant
2341 946 2546 995 nomine
2572 946 2788 1010 Reginae

587 1025 921 1088 Nuptiarum,
962 1024 1045 1072 vel
1083 1022 1343 1086 Hymnus,
1376 1023 1465 1086 qui
1509 1024 1648 1073 eani-
1723 1022 1975 1085 Thetidis,
1997 1036 2113 1087 quoe
2152 1028 2404 1087 nupserat
2437 1022 2604 1071 Peleo
2629 1015 2792 1070 Thes-

592 1106 681 1151 tur
702 1101 757 1149 in
776 1099 984 1149 laudem
1014 1098 1329 1164 nuptiarum,
1350 1104 1423 1163 ,ut
1458 1098 1512 1147 in
1547 1099 1646 1149 hoc
1729 1098 1869 1148 saliae
1894 1098 2043 1163 Regi.

1619 1544 1742 1618 X.

827 1802 998 1879 CL.
1052 1801 1657 1878 CLAUDIAM
1735 1802 2589 1880 EPITHALAMIUM

1150 1914 1384 1989 HON
1396 1914 1633 1988 ORII
1675 1915 1818 1989 ET
1855 1914 2272 1990 MARIAE.

1358 2150 2038 2203 ARGUMENTUM.

662 2260 961 2309 Honorum
994 2263 1155 2320 amat,
1175 2256 1419 2321 suspirat,
1456 2257 1632 2320 poscit
1655 2256 1876 2306 Mariam
1901 2256 1996 2305 sibi
2015 2258 2340 2321 promissam,
2377 2259 2714 2323 conqueritur
2731 2259 2805 2310 de

598 2352 767 2390 mora.
832 2337 1076 2388 subridet
1097 2336 1323 2401 Cupido,
1345 2337 1487 2385 volat
1503 2336 1569 2385 ad
1592 2342 1819 2385 montem
1843 2336 2114 2401 Cyprium,
2133 2338 2288 2387 matri
2311 2338 2506 2388 Veneri
2528 2339 2806 2391 denuntiat

598 2434 745 2470 suum
764 2416 1113 2482 Triumphum.
1176 2419 1353 2467 Venus
1378 2416 1589 2481 gaudet,
1611 2415 1844 2477 festinat,
1885 2422 1940 2465 et
1974 2416 2089 2466 Diis
2126 2418 2280 2467 maris
2302 2418 2664 2482 plaudentibus
2683 2418 2804 2469 Tri-

599 2506 726 2552 tone
746 2500 973 2563 invectm
993 2498 1374 2563 Amoribusque
1399 2496 1670 2559 comitata,
1689 2496 2046 2546 Mediolanum
2070 2498 2233 2560 petit:
2269 2498 2380 2560 ejus
2405 2497 2634 2549 adventu
2651 2512 2802 2549 rece·

596 2581 731 2631 dunt
766 2580 947 2643 nubes,
982 2594 1151 2642 arma;
1187 2579 1474 2628 succedunt
1522 2576 1793 2639 serenitas,
1827 2578 1975 2641 lyrae,
2017 2576 2206 2638 flores3
2255 2583 2474 2641 paratur
2509 2578 2804 2631 Thalamus.

599 2662 741 2713 Hinc
762 2661 984 2711 Mariam
1000 2660 1181 2721 vestit,
1204 2664 1373 2721 ornat,
1394 2672 1612 2721 eamque
1629 2657 1776 2707 ducit
1810 2656 2039 2708 venienti
2059 2658 2262 2707 obviam
2283 2658 2533 2708 Honorio.
2568 2658 2702 2708 Post
2716 2672 2808 2709 ex-

599 2742 793 2793 ercitus
816 2742 1106 2805 gratulatur
1125 2740 1499 2803 Theodosiique
1522 2738 1791 2799 Manibus,
1829 2744 1886 2787 et
1916 2738 2212 2803 stilichoni,
2255 2738 2404 2802 cujus
2440 2738 2620 2789 laudes
2665 2740 2806 2789 cele-

598 2822 851 2873 brantur:
887 2829 1165 2885 votumque
1188 2819 1399 2868 additur
1422 2820 1475 2867 in
1495 2819 1716 2881 gratiam
1735 2825 1999 2882 nepotum.

604 3185 1065 3275 HAUSERAT
1095 3210 1399 3275 insolitos
1429 3212 1780 3297 promissae
1811 3216 2086 3299 virginis
2116 3216 2304 3299 ignes

600 3311 977 3396 Augustus,
1010 3333 1351 3397 pronoque
1378 3315 1563 3379 rudis
1590 3316 1989 3411 flagraverat
2019 3325 2222 3383 aestu.

668 3510 912 3561 Honorius
932 3510 1197 3577 Imperator
1215 3516 1485 3577 conceperat
1504 3527 1710 3562 amorem
1727 3512 1962 3563 insuetum
1984 3513 2165 3563 Puelloe
2185 3512 2284 3563 sibi
2303 3514 2614 3582 desponsata,
2645 3521 2698 3567 et
2727 3516 2811 3567 ἐκ·

1523 3657 1846 3678 ΝΝΝΟΟΜ
1851 3659 1879 3677 0

671 3756 698 3801 1
720 3752 995 3817 Progressa.
1012 3757 1139 3806 Lov,
1154 3770 1220 3807 m.
1238 3760 1414 3820 χιιι-2
1430 3770 1666 3819 pronoque
1684 3754 1812 3805 Cod.
1831 3756 2012 3805 Ursini
2036 3760 2090 3806 et
2105 3756 2316 3821 plurimi
2337 3756 2441 3821 alii,
2461 3758 2588 3808 Exc.
2603 3756 2812 3811 Schott.

1590 3916 1804 3977 NOTAE

672 4014 699 4059 1
758 4010 1029 4074 Hauserat]
1097 4011 1363 4062 Honorius
1424 4013 1668 4065 hauserat
1747 4014 1846 4065 hoc
1871 4020 1970 4079 est,
2004 4030 2072 4065 ex
2115 4015 2291 4080 puella
2315 4014 2544 4066 omnium
2580 4016 2810 4073 maxime

606 4098 832 4136 amorem
884 4102 953 4136 ex
998 4088 1172 4138 Maria
1206 4089 1501 4141 Stilichonis
1540 4090 1668 4151 filia,
1747 4092 1972 4143 amabili.

608 4160 755 4211 velut
786 4175 853 4211 ex
896 4160 1045 4213 fonte
1088 4180 1319 4216 amorum
1350 4166 1668 4231 plenissimo,
1809 4172 1844 4218 2
1879 4169 2039 4218 Prono
2075 4168 2222 4233 estu]
2267 4166 2462 4221 Amore
2495 4174 2705 4235 promto
2749 4173 2810 4219 et
