3184 4967
492 422 623 489 326
1204 439 1318 487 ci..
1364 438 1789 487 GLAUmANJ
1837 437 1918 487 x.

498 583 747 649 Nostro
776 588 990 666 nupta
1015 582 1062 647 J
1065 583 1206 647 ovi:
1254 582 1570 645 devotum
1599 583 1842 647 sentiat
1863 599 2118 665 aequor,

497 684 842 768 Agnoscat
868 685 1187 749 famulum
1217 686 1401 766 virgo
1434 684 1830 748 Stilichonia
1849 692 2144 768 pontum.

506 786 818 851 Victricis
844 806 967 849 nos
999 806 1187 870 spem
1217 788 1479 869 patriae,
1510 787 1928 868 classemque
1959 794 2303 867 paternam

501 886 856 964 VeximuS,
888 887 975 950 ad
1006 888 1231 951 tristes
1262 907 1413 951 cum
1444 886 1752 950 tenderet
1779 887 1954 950 ultor
1984 886 2309 953 Achivos,

585 987 632 1052 J
636 1008 745 1052 am
775 988 1088 1069 Ligurum
1119 990 1308 1053 terris
1338 988 1728 1070 spumantia
1752 995 2032 1069 pectora
2057 986 2292 1051 Triton
2569 986 2698 1051 180

502 1090 901 1173 Appulerat‚
930 1090 1280 1172 lassosque
1310 1088 1498 1153 fretis
1528 1088 1912 1152 extenderat
1935 1090 2153 1153 orbes,

506 1189 831 1255 Continuo
862 1190 1145 1255 sublime
1176 1190 1405 1254 volans
1436 1188 1523 1253 ad
1554 1190 1809 1253 moenia
1837 1188 2054 1253 Gallis

507 1403 715 1467 honores,
732 1419 877 1467 neque
892 1404 1214 1468 Amphitriten
1230 1420 1433 1455 sororem
1453 1409 1682 1468 nostram,
1704 1420 1808 1453 cum
1832 1419 1888 1454 ea
1908 1405 2050 1453 ducto
2072 1409 2142 1453 est
2163 1419 2194 1453 a
2230 1402 2349 1452 Jove
2381 1406 2540 1451 nostro
2559 1402 2704 1465 Nep·

505 1473 647 1517 tnnc.
712 1468 878 1517 Puella
900 1468 1185 1517 Stilichonia
1225 1470 1499 1531 experiatur
1533 1484 1664 1517 mare
1701 1468 1794 1517 sibi
1837 1482 1935 1517 esse
1977 1468 2234 1530 addietum,
2275 1472 2538 1529 cognoscat·
2560 1480 2706 1530 aquus.

498 1531 805 1590 famulantes.
872 1533 976 1581 Nos
997 1532 1273 1596 frequenter
1294 1533 1487 1581 tulimus
1520 1548 1662 1581 naves
1678 1532 1999 1595 triumphales,
2035 1537 2083 1580 et
2121 1533 2308 1580 classem
2340 1532 2494 1593 patris
2524 1531 2707 1594 ipsius,

509 1610 617 1643 eum
632 1597 805 1645 vindex
825 1596 1020 1659 rediret,
1046 1598 1231 1645 Graeeis
1269 1596 1553 1660 profligatis.
1617 1599 1734 1645 Jom
1768 1597 1936 1645 Triton
1981 1597 2248 1645 admoverat
2269 1596 2455 1660 finibus
2474 1595 2708 1656 Εἰς-κῆεν»

506 1663 671 1721 pectus
703 1675 984 1723 spumosum,
1005 1666 1050 1709 et
1079 1666 1359 1722 porrexerat
1396 1676 1531 1710 orcus
1554 1660 1712 1719 fessos
1729 1660 1783 1709 in
1803 1660 1967 1724 aquis.
2035 1662 2105 1709 Et
2123 1661 2290 1709 statim
2313 1660 2402 1708 illa
2423 1660 2624 1708 colitans
2655 1660 2708 1705 in

510 1724 661 1773 altum
680 1725 867 1774 advenit
884 1726 945 1773 ad
966 1724 1128 1773 urbem
1148 1725 1430 1789 ‹edificatam
1453 1741 1484 1773 a
1518 1726 1694 1788 Gallis,
1715 1727 2034 1774 ostendentem
2061 1727 2230 1788 pellem
2261 1724 2361 1773 suis
2389 1724 2544 1773 media
2569 1728 2710 1786 porte

1430 1886 1783 1907 OOOOOOOOOOOO

516 1992 861 2057 Amphitr-iude
881 1997 1004 2047 Vat.
1022 2002 1267 2059 pun—1⁷6
1279 1998 1511 2047 Nostrum
1524 2003 1670 2061 nupta
1679 1999 1774 2047 sibi
1788 1998 1911 2047 Vat.
1935 2013 2015 2062 pr.
2029 2014 2097 2048 m.
2117 2003 2357 2062 pr.—-—1‘l'1
2385 1998 2599 2047 monio
2610 1998 2712 2045 Pe-

518 2065 621 2107 tav.
635 2064 756 2107 tert.
777 2058 1031 2108 Stiliconia
1042 2061 1163 2110 Vat.
1176 2066 1445 2111 sem—178
1460 2064 1675 2111 victricis
1687 2079 1769 2111 nos
1777 2076 1903 2124 spem
1915 2063 2090 2125 potrioe
2099 2064 2244 2112 Med.
2263 2070 2388 2112 tert.
2400 2062 2714 2112 Ambr.tert.

519 2122 637 2197 ccii.
654 2122 836 2186 Epigr.
848 2122 1032 2174 Ambr.
1050 2125 1177 2175 Exc.
1190 2126 1343 2186 Laeti,
1354 2127 1612 2175 ed.Vicet.
1637 2128 1867 2177 Victrices
1874 2141 2085 2189 nossoepe
2095 2132 2220 2175 rates
2231 2128 2358 2175 Exc.
2369 2127 2588 2175 Lucens.
2605 2138 2713 2174 sec.

518 2192 573 2234 et
596 2192 668 2234 ita
688 2186 853 2236 edidit
876 2188 1036 2237 Gesn.
1096 2190 1310 2239 Virtutes
1328 2206 1412 2239 nos
1431 2206 1554 2253 soepe
1572 2193 1726 2253 patris
1749 2193 1936 2239 Petav.
1959 2198 2081 2239 tert.
2124 2190 2351 2240 Victrices
2369 2206 2453 2239 nos
2473 2204 2570 2239 esse
2587 2190 2715 2240 Var.

516 2249 625 2297 LL.
650 2250 732 2301 ed.
756 2250 916 2300 Antv.
963 2254 1183 2302 Victricis
1200 2270 1282 2302 nos
1300 2269 1421 2316 soepe
1436 2256 1627 2317 petrice,
1650 2263 1704 2303 et
1727 2254 1930 2303 emend.
1977 2258 2125 2303 rotem
2165 2255 2308 2303 Leid.
2343 2268 2422 2315 pr.
2485 2254 2716 2303 Victrices

518 2327 599 2359 nos
626 2327 745 2374 soepe
764 2320 893 2364 rates
915 2317 994 2364 vel
1028 2317 1249 2366 Victi-icis
1258 2333 1352 2367 ,nos
1370 2319 1472 2366 vela
1505 2319 1662 2380 patris
1683 2320 1812 2379 Reg.
1837 2319 2008 2381 Oxou.
2035 2333 2115 2381 pr.
2156 2318 2380 2368 Via-tricis
2401 2332 2530 2381 spem
2544 2317 2718 2381 patrioe

520 2377 603 2424 vel
625 2377 840 2426 victrices
861 2384 990 2428 rates
1010 2380 1137 2430 LoV.
1162 2382 1335 2431 Oxou.
1358 2396 1462 2431 sec.
1488 2397 1581 2445 pro
1601 2398 1724 2445 soepe
1745 2383 1992 2431 Heinsius
2011 2398 2172 2447 nempe
2193 2382 2420 2445 legebat.
2465 2384 2720 2445 classesque

515 2445 742 2514 paternas
765 2442 1071 2494 Rom—179
1104 2448 1166 2493 ud
1186 2447 1347 2495 tristes
1365 2446 1569 2495 Achivos
1590 2453 1699 2495 tres
1722 2448 1869 2496 Vatt.
1893 2448 2006 2496 Pal.
2039 2448 2190 2495 Farn.
2227 2448 2371 2496 Rott.
2413 2447 2555 2495 Med.
2593 2452 2716 2493 tert.

521 2507 583 2552 ud
608 2505 763 2554 tristis
777 2506 975 2555 Achivis
999 2508 1182 2558 Petav,
1206 2525 1310 2559 sec.
1330 2524 1398 2559 m.
1421 2526 1504 2573 pr.
1542 2526 1573 2559 α
1606 2513 1748 2559 victis
1767 2511 1966 2560 Achivis
1994 2512 2114 2560 Vat.
2139 2518 2263 2559 tert.
2315 2510 2502 2558 attritis
2523 2510 2720 2558 Achivis

522 2569 644 2619 Vat.
668 2583 744 2631 pr.
764 2570 929 2620 Oisel.
948 2578 1053 2621 vet.
1077 2573 1205 2635 Gyr.
1221 2576 1347 2623 Vat.
1370 2575 1535 2624 Livin.
1560 2575 1760 2624 Bonon.
1783 2576 1903 2624 Pat.
1925 2590 1992 2623 m.
2018 2590 2097 2638 pr.
2117 2576 2250 2624 Exc.
2277 2576 2495 2623 Lucens.
2526 2588 2629 2622 sec.
2665 2583 2719 2621 et

523 2630 706 2681 Heius.
750 2634 815 2682 ad
838 2636 967 2685 hanc
992 2636 1268 2686 lectionem
1290 2638 1692 2688 confirmandam
1719 2639 1960 2688 Heinsius
1984 2641 2296 2702 ascripserat
2319 2654 2462 2703 seqq.
2479 2642 2492 2666 ‘
2510 2636 2722 2699 attritis]
2819 2638 2823 2644 ’

520 2696 702 2746 Aurei.
724 2698 909 2748 Victor
946 2700 1084 2763 apud
1104 2702 1325 2752 Casaub.
1361 2703 1429 2750 ad
1452 2703 1593 2751 Hist.
1619 2702 1757 2766 Aug.
1792 2719 1842 2766 p.
1860 2708 1940 2754 79.
1998 2704 2190 2752 attritis
2221 2704 2332 2767 jam
2375 2702 2610 2751 barbaris
2656 2716 2720 2749 ne

522 2762 857 2823 permitteret
879 2762 1012 2813 vires
1038 2766 1289 2829 recipere.
1370 2766 1718 2829 Capitolin.in
1742 2767 1924 2816 Clodio
1950 2766 2176 2815 Albino:
2227 2766 2310 2815 Ad
2342 2781 2430 2816 eas
2473 2767 2722 2815 civitates

522 2824 907 2886 instaurandas,
954 2843 1078 2902 quas
1118 2830 1285 2889 Niger
1320 2830 1612 2891 attriverat,
1654 2832 1923 2892 pecuniam
1965 2831 2125 2879 misit.
2175 2831 2416 2880 Trebeli.
2456 2831 2624 2879 Pollio
2668 2830 2722 2877 in

524 2888 761 2938 Claudio.
821 2890 932 2939 Hos
976 2893 1135 2954 igitur
1158 2893 1403 2943 Claudius
1426 2894 1660 2955 ingenita
1680 2895 1872 2943 virtute
1895 2896 2179 2957 superavit,
2197 2896 2288 2944 bos
2319 2895 2464 2944 brevi
2489 2901 2722 2956 tempore
2777 2956 2783 2959 ῃ

525 2954 759 3025 attrivit:
798 2961 857 3003 et
897 2957 1048 3017 paulo
1093 2963 1229 3018 post,
1270 2959 1525 3005 Trecenta
1548 2958 1727 3019 viginti
1749 2958 1910 3007 millia
1930 2967 2244 3009 armatorum
2265 2960 2481 3021 deterit,
2513 2971 2725 3022 oppres-

526 3023 616 3076 sit,
661 3018 879 3081 attrivit.
964 3019 1224 3080 Vopiscus
1281 3020 1333 3068 in
1374 3019 2048 3083 Aureliauo‘Ernmpentes
2107 3026 2364 3073 Sarmatas
2407 3024 2458 3071 in
2511 3022 2724 3087 illyrico

530 3090 649 3153 cnm
668 3081 916 3128 trecentis
941 3082 1273 3142 praesidiariis
1296 3084 1435 3131 solus
1462 3084 1707 3134 attrivit?
1756 3088 1945 3150 afflictis
1980 3088 2178 3137 Achivis
2208 3087 2348 3137 Prie.
2382 3088 2609 3136 Florem.
2663 3088 2730 3133 ad

524 3146 674 3189 victos
694 3142 896 3191 Achivos
914 3146 997 3192 vel
1020 3146 1207 3193 attritis
1227 3146 1427 3195 Achivis
1448 3148 1571 3197 Put.
1592 3150 1785 3213 qfflictis
1806 3150 2004 3199 Achivis
2025 3152 2190 3200 velud
2210 3154 2358 3199 uictos
2375 3152 2460 3199 vel
2481 3153 2544 3199 od
2564 3151 2727 3198 tristes

525 3205 729 3280 Achivos
751 3207 895 3255 Med.
920 3223 1022 3257 sec.
1067 3211 1255 3273 afflictis
1282 3210 1477 3259 Achivis
1508 3213 1727 3261 Heinsio
1763 3229 1965 3278 quoque
2001 3228 2102 3263 non
2149 3215 2468 3278 displicuisse
2502 3215 2726 3275 videtur,

526 3284 615 3382 gn
638 3270 949 3345 ascripserat
972 3272 1086 3321 loca
1108 3275 1317 3337 Vopisc.
1341 3276 1392 3322 in
1410 3274 1690 3327 Aureliano
1714 3293 1764 3340 p.
1787 3283 1900 3328 211.
1923 3282 1938 3307 ‘
1961 3278 2144 3328 Gallos
2163 3281 2420 3328 irruentes
2445 3293 2538 3342 per
2561 3284 2725 3327 totam

580 3333 748 3382 ailiam
772 3333 989 3386 afflixit!
1019 3344 1075 3385 et
1100 3354 1148 3401 p.
1171 3343 1284 3388 219.
1315 3340 1330 3365 ‘
1355 3339 1472 3389 Illic
1498 3342 1785 3403 Carporum
1824 3342 2004 3404 copias
2041 3341 2258 3391 afflixit?
2307 3344 2602 3391 contenderet
2627 3343 2730 3391 Pe-

529 3402 633 3447 ων.
655 3404 939 3449 tert—180
971 3406 1125 3449 terres
1147 3403 1227 3451 vel
1249 3406 1394 3453 terris
1415 3405 1558 3455 Med.
1582 3420 1659 3467 pr.
1714 3407 1891 3469 eampis
1915 3408 1994 3455 vel
2007 3408 2150 3455 terris
2172 3408 2292 3455 Vat.
2317 3414 2438 3456 tert.
2479 3406 2726 3455 Heinsius

526 3462 1056 3579 {rsgiffigrssoljoeffi's
1064 3467 1420 3580 ’gescfsnlmlvm
1436 3474 1516 3517 47.
1551 3470 1813 3582 ‘tLJigures
1847 3468 2024 3581 ssliavete
2051 3470 2252 3581 ‘³⁸¹¹ff35'
2303 3471 2446 3583 lazaro
2479 3470 2729 3582 Juniupg.

634 3562 648 3576 .
758 3562 771 3575 .
915 3563 929 3578 .
1062 3546 1078 3578 1
1114 3559 1193 3579 .-—-
1356 3534 1562 3595 mpulera
1645 3548 1728 3582 un.
1793 3549 1831 3583 r.
1923 3548 2110 3596 psosque
2192 3549 2283 3583 ric.
2491 3549 2548 3583 ue
2642 3548 2672 3582 e
2712 3567 2726 3583 .

529 3601 633 3638 sec.
656 3591 777 3640 Pat.
827 3594 1056 3669 lassosque
1076 3595 1197 3645 Vat.
1220 3609 1321 3645 sec.
1368 3611 1564 3659 sequens
1582 3598 1720 3647 Prie.
1753 3548 1984 3661 ,ιῖγεᾳιιεηε
2005 3598 2119 3649 Pal.
2141 3598 2283 3648 Med.
2317 3548 2534 3661 pffffit.
2560 3597 2726 3647 Livin.

517 3651 744 3717 frequens
763 3656 1009 3717 velsretis
1030 3659 1149 3708 vat.
1182 3673 1259 3722 pr.
1282 3666 1337 3709 et
1375 3668 1497 3711 tert.
1539 3661 1708 3711 Oxon.
1748 3675 1826 3725 pr.
1860 3661 2190 3713 mech—182
2236 3663 2420 3712 sullime
2461 3663 2606 3711 Med.
2647 3675 2724 3725 pr.

1520 3838 1730 3888 NOTAE

531 3995 540 4006 ·
595 3970 687 4016 1⁷5
724 3968 919 4032 stetin]
970 3970 1192 4032 Thetis?
1207 3972 1305 4021 etsi
1334 3978 1498 4022 mater
1515 3972 1590 4022 fu·
1674 3981 1794 4025 tone
1819 3975 2028 4026 dicitur.

530 4045 650 4089 tura
684 4049 823 4092 esset
844 4042 1085 4109 Achillis,
1124 4045 1235 4096 baec
1270 4055 1443 4097 tamen
1484 4063 1587 4098 non
1739 4054 1830 4099 181
1867 4052 2039 4099 Iassos
2059 4050 2214 4115 orbes]
2275 4050 2460 4099 Triton
2481 4048 2728 4114 fatigatus

530 4122 613 4163 est
634 4126 924 4170 consecuta.
1140 4142 1147 4150 ·
1671 4125 1988 4177 extendebat
2026 4127 2077 4175 in
2119 4127 2265 4192 aquis
2290 4127 2503 4177 caudam
2528 4128 2732 4178 orbicu-

595 4193 691 4239 176
743 4194 879 4256 Jovi]
941 4195 1154 4259 Jupiter
1186 4212 1453 4263 aequoreus
1490 4215 1586 4263 pro
1669 4199 1851 4265 latam,
1875 4217 1978 4266 qua
2001 4202 2344 4254 obumbrabat
2363 4202 2638 4254 Venerem.

532 4262 804 4328 Neptuno,
836 4268 1047 4333 Jupiter
1078 4272 1290 4335 Stygius
1329 4288 1426 4338 pro
1464 4274 1587 4324 Plu·
2555 4276 2566 4287 ⁸
