3184 4967
604 332 690 419 18
1463 342 2027 409 rnonneounrul
2094 394 2101 403 ,

603 492 760 561 dore
787 490 1070 557 dicendo
1099 485 1406 580 induerit,
1435 492 1504 553 et
1541 489 1814 555 easdem
1856 506 2045 572 saepe
2080 508 2189 553 res
2218 494 2465 573 quanta
2484 491 2806 561 varietate

601 592 1010 679 exposuerit.
1099 588 1312 674 Cujus
1339 592 1438 655 rei
1465 592 1777 674 exempla
1804 593 1876 655 in
1902 595 2161 674 promtu
2186 598 2371 657 erunt
2400 593 2807 659 carminibus

603 697 676 763 in
705 696 964 763 tertium
989 696 1054 757 et
1079 695 1386 775 quartum
1411 690 1705 755 Honorii
1732 692 2147 757 consulatum
2170 693 2336 757 inter
2360 712 2437 755 se
2458 712 2807 775 eomparaa

603 798 734 879 tis;
763 800 828 861 et
856 813 1058 879 quam
1089 793 1380 859 studiose
1407 793 1627 857 laudis
1656 798 1723 859 et
1750 794 2211 857 ostentationis
2245 795 2585 857 materiam
2613 793 2809 859 undi-

608 918 738 984 que
765 896 1120 979 collegerit,
1151 896 1489 980 specimen
1521 893 1929 959 luculentum
1958 910 2225 959 carmen
2246 894 2315 956 in
2340 900 2599 957 sextum
2626 895 2685 978 ej
2694 914 2809 959 us*

606 998 1202 1070 dem-consulatum
1232 994 1706 1079 suppeditabit.
1796 995 2101 1060 Ceterum
2142 994 2231 1059 ad
2274 1000 2523 1058 rectum
2556 994 2639 1057 de
2665 1000 2807 1062 toto

605 1097 736 1165 hoc
761 1099 1125 1165 carminum
1151 1117 1382 1180 genere
1422 1097 1759 1180 judicium
1802 1097 2137 1163 ferendum
2167 1096 2294 1160 hoc
2322 1095 2393 1157 in
2420 1096 2808 1163 universum

606 1199 962 1267 tenendum
1019 1203 1140 1262 est.
1241 1196 1476 1261 Omnis
1524 1198 1845 1265 laudandi
1894 1198 2087 1277 ratio,
2132 1216 2299 1280 -quae
2354 1194 2624 1278 quidem
2672 1202 2809 1263 non

608 1301 828 1366 solum
868 1300 954 1377 ei,
983 1299 1098 1381 qui
1126 1298 1449 1375 laudatur,
1479 1298 1603 1363 sed
1644 1300 1840 1363 etiam
1884 1300 2057 1379 aliie,
2100 1299 2219 1382 qui
2267 1298 2497 1379 legunt
2534 1300 2644 1365 vel
2686 1306 2807 1363 ari}

609 1401 823 1479 diunt,
883 1401 1166 1485 placeat,
1213 1418 1346 1463 non
1382 1400 1597 1481 magis
1644 1400 1730 1463 ab
1776 1398 2184 1481 imaginandi
2232 1400 2303 1463 vi
2348 1404 2417 1461 et
2457 1398 2809 1466 Musarum

609 1500 900 1579 dotibus,
927 1518 1130 1583 quam
1158 1517 1201 1560 a
1225 1516 1421 1561 sensu
1465 1498 1755 1579 quodam
1796 1499 2132 1582 exquisito
2178 1503 2245 1563 et
2281 1498 2541 1582 jndicio
2584 1497 2807 1582 poetae

607 1601 891 1665 subacto
915 1598 1182 1682 pendet,
1219 1602 1292 1661 ut
1313 1598 1655 1680 intelligat,
1686 1618 1823 1681 quo
1850 1600 2003 1680 quis
2031 1599 2323 1663 maxime
2350 1616 2437 1661 ex
2460 1599 2563 1663 sui
2592 1598 2813 1680 ipsius

609 1708 680 1767 et
720 1700 903 1782 vulgi
947 1697 1258 1781 opinione
1305 1701 1588 1775 ornetur,
1640 1705 1709 1763 et
1750 1698 1913 1781 quid
1960 1699 2099 1777 alii,
2144 1718 2295 1763 cum
2350 1698 2647 1775 audiant,
2699 1696 2811 1769 vel

609 1801 806 1867 inviti
855 1799 1130 1884 probent
1181 1818 1301 1863 seu
1349 1800 1444 1863 rei
1494 1799 1772 1865 veritate
1824 1800 2122 1878 adducti,
2180 1819 2303 1865 seu
2347 1801 2692 1871 verborum
2740 1806 2813 1867 et

613 1899 1076 1971 sententiarum
1129 1900 1477 1973 lenociniis
1541 1899 1867 1965 invidiam
1937 1901 2418 1983 mitigantibus.
2514 1899 2813 1983 Oportet

611 2002 788 2067 enim
815 2020 1094 2078 carmen,
1127 2020 1263 2084 quo
1309 2000 1544 2067 laudes
1587 2000 1877 2084 alicujus
1922 2003 2351 2077 celebrantur,
2396 2006 2473 2065 ut
2500 2005 2719 2065 statua
2742 2002 2815 2069 in

611 2103 929 2171 honorem
975 2102 1205 2185 posita
1247 2120 1641 2185 summaque
1692 2107 1831 2167 arte
1861 2104 2185 2187 expolita,
2233 2103 2531 2175 omnium
2572 2102 2813 2175 oeulos

614 2223 768 2268 cum
809 2203 1146 2285 voluptate
1187 2222 1321 2266 non
1365 2202 1582 2267 solum
1634 2202 1705 2265 in
1751 2222 1827 2267 se
1876 2209 2281 2282 convertere,
2331 2222 2557 2269 verum
2602 2203 2815 2269 etiam

604 2304 908 2389 jucunde
936 2304 1268 2384 detinere3
1299 2322 1440 2386 quo
1469 2303 1957 2387 frequentiores
2006 2304 2187 2367 enim
2231 2304 2517 2369 lectores
2542 2302 2817 2369 invene·-

613 2407 726 2483 rit,
757 2424 842 2471 eo
880 2405 1096 2489 majus
1127 2412 1206 2471 et·
1222 2403 1578 2487 perennius
1608 2406 1731 2470 erit
1759 2406 1985 2470 laudis
2012 2413 2545 2473 monumentum.
2621 2404 2819 2477 Nihil

615 2506 820 2589 igitur
865 2507 936 2570 in
973 2527 1056 2571 eo
1100 2508 1306 2572 debet
1345 2505 1741 2585 desiderari,
1772 2508 1953 2592 quod
1986 2509 2057 2575 in
2086 2508 2379 2573 carmine
2401 2506 2815 2591 politissima

615 2614 761 2671 arte
783 2608 1086 2691 perfecto
1117 2607 1360 2691 requiri
1381 2607 1550 2673 solet
1568 2627 1586 2689 ;
1618 2614 1695 2673 ut
1713 2610 1922 2674 lector
1950 2610 2179 2694 operis
2205 2608 2605 2693 praestantia
2626 2625 2817 2677 com«

614 2713 839 2779 motus
887 2728 1142 2773 summa
1182 2711 1528 2791 voluptate
1573 2710 1979 2791 perfruatur,
2008 2712 2237 2793 itaque
2267 2710 2621 2775 dulcedine
2650 2729 2819 2792 cap-.-

615 2814 728 2873 tus
757 2813 1083 2885 teneatur,
1112 2815 1194 2871 ut
1219 2809 1446 2872 nullus
1472 2810 1543 2871 in
1571 2810 1693 2873 illo
1727 2810 1999 2874 invidiae
2032 2830 2269 2885 sensus
2297 2811 2479 2890 oriri,
2508 2829 2631 2874 nec
2662 2810 2817 2892 ipse

615 2908 705 2973 ad
743 2907 1036 2975 historiae
1083 2909 1522 2990 veritatisque
1569 2908 1872 2978 calculos
1894 2912 2123 2993 possit
2152 2912 2518 2993 confugere.
2608 2908 2817 2988 Quod

615 3012 693 3071 ut
719 3008 863 3073 fieri
893 3010 1138 3091 possit,
1167 3009 1490 3091 genuinus
1533 3016 1599 3074 et
1638 3010 1933 3075 sincerus
1962 3014 2164 3077 animi
2178 3033 2426 3077 -sensus
2456 3014 2525 3077 in
2561 3030 2643 3075 eo
2672 3010 2815 3093 spi-

615 3112 720 3185 ret
744 3128 1017 3173 necesse
1055 3115 1180 3187 est,
1211 3129 1406 3193 quem
1445 3112 1610 3175 artis
1638 3112 2043 3178 ostentandae
2074 3120 2143 3179 et
2180 3118 2443 3179 ornatus
2472 3112 2817 3180 laboriose

617 3210 885 3293 quaesiti
915 3210 1217 3294 suspicio
1245 3229 1383 3276 non
1417 3210 1634 3275 minus
1676 3211 2035 3295 refrigerat,
2067 3232 2270 3298 quam
2320 3213 2651 3278 commodi
2692 3212 2815 3277 ali-

618 3310 818 3393 cujus
848 3319 967 3375 aut
1005 3312 1266 3396 accepti
1315 3318 1430 3375 aut
1467 3316 1827 3396 expectati.
1916 3315 2216 3379 Subesse
2244 3316 2446 3379 etiam
2472 3314 2677 3379 debet
2700 3312 2817 3378 vel

617 3430 776 3477 vera
797 3417 888 3477 -et
927 3413 1117 3497 justa
1160 3413 1482 3477 laudandi
1530 3416 1831 3493 materia,
1858 3416 1965 3480 vel
1998 3418 2247 3481 saltem
2272 3436 2377 3495 ea,
2405 3436 2556 3500 quae
2586 3415 2815 3499 aliqua

617 3532 705 3577 ex
725 3519 912 3599 parte
941 3513 1246 3598 speciose
1274 3516 1494 3598 possit
1519 3516 1993 3594 commendari,
2023 3522 2087 3581 et
2115 3517 2222 3582 vel
2267 3518 2504 3583 leviter
2530 3520 2825 3595 tractata..

615 3600 894 3682 naturali
933 3614 1190 3697 fulgore
1239 3616 1810 3701 exsplendescere.
1898 3618 2138 3684 Errant
2174 3638 2467 3702 quoque,
2500 3618 2617 3698 qui
2646 3617 2815 3695 arbi-

617 3721 883 3801 ttentur,
910 3721 1251 3800 praecepta
1277 3720 1348 3781 in
1375 3717 1558 3795 hanc,
1575 3737 1722 3780 rem
1750 3737 1957 3800 posse
1984 3740 2028 3783 a
2054 3720 2427 3795 rhetoribus
2455 3718 2629 3801 peti3
2658 3736 2815 3785 cum

617 3818 859 3897 oratio,
889 3822 966 3881 ut
991 3820 1194 3883 semel
1206 3817 1568 3895 ‚audiatur‚·
1583 3820 2051 3901 componenda
2076 3822 2187 3899 sit,
2214 3839 2482 3885 carmen
2509 3818 2813 3901 repetitae

615 3918 890 3985 lectioni
915 3921 1027 3984 vel
1053 3919 1379 3985 auditioni
1406 3919 1861 3986 scribendum·
1937 3922 2177 4005 Neque
2204 3922 2571 4005 quicquam
2597 3920 2812 4002 magis

619 4016 986 4087 Claudiano
1012 4020 1234 4087 fraudi
1266 4021 1479 4088 fuisse
1509 4023 1972 4108 unusquisque
2012 4024 2343 4102 fatebitur,
2373 4042 2573 4107 quam
2600 4019 2825 4099 forma⁴

615 4116 770 4203 ipsa
796 4123 1158 4188 carminum
1184 4142 1229 4187 a
1251 4120 1552 4209 poetices
1589 4127 1823 4189 natura
1848 4126 2079 4211 utique
2110 4119 2353 4207 aliena,-
2380 4126 2559 4190 unde
2584 4127 2813 4189 natum
