3184 4967
1093 362 1174 409 w
1223 363 1337 410 οι.
1387 361 1929 410 cLAtrmANUM.
2514 347 2607 414 29

408 509 582 568 tores
609 508 679 567 et
708 506 988 568 lectores
1019 505 1262 587 capiat,
1309 503 1532 587 poe'tae
1581 511 1685 567 est
1729 505 2075 586 ingeniosi.
2166 503 2351 570 Num
2381 511 2605 572 autem

411 606 539 668 hoc
571 607 837 670 omnino
867 606 1005 669 fieri
1035 607 1316 688 potuerit
1343 607 1411 666 in
1443 605 1726 680 actione,
1754 606 1819 666 in
1862 625 1994 688 qua
2025 606 2315 669 Deorum
2352 614 2605 674 tantum

411 714 634 788 partes
684 713 855 782 sunt,
903 726 1026 768 nec
1079 704 1532 770 affirmaverim
1583 724 1707 768 nec
1754 709 2146 787 negaverim.
2238 706 2419 785 Quid
2466 709 2607 774 fieri

411 809 722 891 potuerit,
751 827 943 869 nemo
973 807 1170 869 facile
1201 807 1482 884 dixerit3
1527 807 1685 888 quid
1716 807 1964 870 factum
1994 809 2105 884 sit,
2136 807 2405 874 facilius
2430 811 2606 893 diju-

412 907 766 971 dicabitur.
886 907 1018 970 Sed
1062 907 1224 970 mihi
1272 908 1685 989 propositum
1736 926 1873 970 non
1928 914 2050 983 cst,
2100 909 2187 973 ad
2243 918 2604 993 praecepta,

412 1026 568 1090 quae
599 1009 757 1071 artis
787 1009 1142 1089 scriptores
1171 1009 1737 1087 excogitaverunt,
1770 1006 2199 1072 Claudianum
2224 1011 2507 1092 exigere,
2538 1018 2607 1076 et

409 1114 486 1171 ut
529 1107 698 1171 alter
750 1108 1159 1182 ProcrusteS,
1191 1127 1341 1188 quae
1391 1108 1619 1172 lectuli
1646 1107 1914 1171 modulo
1942 1112 2159 1174 minus
2188 1113 2605 1190 conveniant,

409 1209 517 1272 vel
541 1215 906 1290 amputare,
936 1208 1043 1271 vel
1074 1208 1389 1288 dilatare;
1438 1229 1657 1272 verum
1689 1215 1760 1272 ut
1784 1229 1957 1272 unus
1986 1211 2069 1274 de
2097 1213 2341 1289 multis„
2364 1231 2495 1276 non
2522 1213 2607 1278 de

412 1310 638 1374 schola
667 1329 880 1390 neque
925 1328 967 1371 a
1009 1309 1352 1390 magistro,
1387 1331 1539 1392 quae
1592 1311 1751 1374 mihi
1802 1312 2172 1394 probentur,
2206 1332 2441 1393 quaeve
2481 1313 2606 1376 mi-

409 1429 556 1485 nuS,
611 1409 900 1472 candida
955 1415 1170 1472 mente
1219 1411 1592 1492 profitebor.
1701 1410 1872 1475 Sunt
1922 1410 2231 1493 quaedarn
2279 1414 2611 1495 principia

408 1509 551 1574 veri
596 1514 665 1573 et
704 1509 966 1592 pulchri
993 1511 1061 1572 in
1093 1512 1326 1573 animis
1355 1511 1688 1574 hominum
1722 1508 1948 1588 insit'a,
1980 1514 2223 1594 quibus
2253 1518 2328 1575 ut
2356 1514 2603 1595 quique

411 1611 710 1694 proxime
768 1609 1090 1674 accedu'nt
1147 1611 1232 1674 ad
1297 1619 1551 1674 naturae
1606 1602 2122 1693 simplicitatem,
2177 1613 2273 1677 ita
2318 1614 2607 1677 maxime

410 1714 607 1794 quasi
628 1713 879 1792 impetu
914 1711 1206 1794 quodam
1236 1732 1423 1777 caeco
1467 1720 1794 1794 reguntur,
1820 1732 2200 1794 quanquam
2229 1713 2487 1777 illorum
2519 1714 2605 1778 ab

409 1813 588 1878 omni
624 1831 843 1876 rerum
895 1813 1313 1894 copulatione
1353 1818 1751 1876 remotorum
1800 1813 1930 1875 sibi
1974 1814 2222 1876 conscii
2270 1831 2401 1874 non
2451 1815 2604 1877 sint.

409 1914 538 1977 Illa
585 1915 750 1976 citra
798 1931 1010 1974 rerum
1058 1914 1481 1994 complexum
1525 1914 1746 1976 animo
1776 1914 1902 1976 sibi
1930 1933 2311 1996 proponere,
2342 1913 2606 1996 aliaque

408 2031 497 2078 ex
524 2014 660 2078 illis
687 2011 1186 2077 ratiocinatione
1217 2013 1555 2090 deducere,
1587 2018 1892 2076 accurate
1933 2012 2220 2088 definire,
2252 2014 2336 2076 ad
2367 2033 2609 2094 genera

408 2119 480 2179 et
526 2115 778 2179 classes
823 2133 1156 2190 revocare,
1205 2120 1542 2196 artemque
1570 2114 1723 2177 inde
1768 2114 2054 2190 efficere,
2097 2115 2493 2192 recentioriS,
2540 2118 2609 2177 et

408 2221 656 2280 nostrae
682 2215 997 2291 maxime,
1023 2219 1166 2276 erat
1195 2215 1436 2290 aetatis,
1483 2213 1859 2296 judiciique
1903 2215 2336 2278 maturitatem
2387 2214 2607 2295 requi-

409 2318 599 2381 rebat
623 2322 692 2379 et
720 2317 909 2398 quasi
938 2315 1406 2398 principatum,
1460 2335 1653 2397 quem
1684 2316 2087 2396 temporibus
2118 2316 2407 2397 antiquis
2434 2315 2605 2378 ima-

411 2417 680 2499 ginandi
707 2418 811 2480 vis
839 2421 904 2478 et
929 2416 1124 2479 ardor
1151 2416 1396 2497 aliquis
1427 2417 1626 2478 animi
1656 2417 2044 2479 obtinuerat.
2136 2414 2309 2492 Quae
2340 2415 2603 2497 quidem

412 2523 562 2581 ante
591 2517 820 2580 oculos
849 2517 1116 2593 habere,
1146 2537 1296 2579 cum
1325 2523 1618 2580 veterum
1643 2523 2062 2580 monumenta
2091 2517 2299 2597 legas,
2326 2516 2408 2586 ad
2436 2514 2606 2578 mul-

413 2623 522 2682 tas
550 2637 654 2680 res
676 2619 837 2680 utile
871 2622 995 2694 est,
1025 2619 1360 2699 praecipue
1395 2623 1619 2679 autem
1664 2617 1735 2678 id
1779 2622 2079 2698 praestat,
2128 2621 2200 2676 ut
2248 2616 2606 2696 intelligas,

411 2724 703 2782 tenerum
730 2725 796 2781 et
824 2719 1265 2799 incorruptum
1309 2723 1562 2780 naturae
1608 2735 1875 2777 sensum
1919 2716 1985 2776 in
2024 2713 2419 2792 hominibus,
2466 2734 2607 2778 cer-

412 2827 561 2882 tum
589 2819 876 2901 aliquem
905 2818 1147 2898 ingenii
1174 2819 1418 2880 cultum
1449 2837 1666 2880 rerum
1695 2815 1983 2898 quadam
2012 2814 2319 2878 felicitate
2364 2817 2605 2893 nactis,

413 2918 532 2984 sed
556 2917 840 3000 pristina
885 2936 1138 2980 morum
1181 2917 1627 2998 simplicitate.
1656 2915 1943 2979 nondum
1984 2916 2257 2992 amissa,
2286 2916 2437 2997 plus
2466 2915 2606 2978 effi·-

415 3038 564 3084 cere
591 3019 910 3101 potuisse,
935 3037 1134 3098 quam
1167 3017 1635 3080 subtilissimas
1658 3015 1741 3078 de
1771 3021 1905 3078 arte
1930 3015 2429 3100 disputationes,
2463 3017 2607 3098 qui-

413 3121 546 3183 bus
575 3123 804 3181 nostra
853 3121 1016 3180 aetas
1067 3122 1344 3180 onerata
1387 3121 1490 3194 est
1537 3120 1603 3178 et
1648 3116 1927 3180 laborat.
2031 3105 2401 3180 Videamus
2435 3117 2611 3199 Jam,

415 3218 974 3303 quemadmodum
1024 3218 1228 3300 poeta
1269 3221 1717 3298 argumentum
1765 3217 1893 3281 sibi
1937 3219 2357 3299 propositum
2382 3235 2608 3300 perse-

416 3326 611 3384 cutus
641 3321 753 3384 sit.

507 3420 756 3484 Contra
789 3421 1081 3496 Horatii,
1115 3437 1467 3501 eorumque
1497 3419 1613 3501 qui
1660 3417 2016 3480 Horatium
2066 3417 2278 3482 secuti
2326 3420 2499 3492 sunt,
2526 3416 2609 3479 de

419 3523 708 3586 carmine
737 3523 934 3604 epico
978 3522 1528 3603 praecipientium,
1568 3537 1864 3582 normam
1913 3523 2111 3598 atque
2140 3518 2432 3595 regulam
2474 3534 2607 3578 non

417 3622 757 3686 moderate
802 3628 870 3686 et
917 3623 1214 3684 modeste
1259 3619 1671 3684 Claudianus
1715 3617 1988 3691 orditur,
2020 3617 2139 3678 sed
2170 3616 2414 3696 spiritu
2441 3634 2608 3697 quo-

417 3722 572 3786 dam
604 3723 1082 3787 vehementiore
1109 3723 1328 3798 animi,
1360 3720 1584 3784 divino
1634 3717 1859 3782 afflatu
1912 3717 2249 3793 concitati,
2281 3717 2609 3799 principio

419 3825 642 3887 statim
667 3823 916 3886 incedit
957 3830 1026 3887 et
1074 3824 1365 3906 speciem
1408 3822 1632 3902 potius
1662 3819 2107 3895 vaticinaturi,
2140 3839 2341 3901 quam
2388 3837 2611 3881 narra·

417 3925 579 4001 turi,
608 3945 749 4008 prae
781 3944 852 3986 se
877 3923 1068 3990 ,ferre
1121 3922 1400 3986 videtur.
1510 3918 1685 3996 Quae
1734 3919 1902 3982 ratio
1950 3937 2101 3980 cum
2152 3920 2387 3980 acriter
2438 3919 2525 3981 sit
2569 3938 2613 3983 a

419 4025 825 4108 quibusdam
867 4029 1116 4099 notata,
1146 4021 1625 4105 dispiciendum
1672 4026 1795 4096 est,
1840 4039 1996 4081 num
2039 4019 2304 4096 habeat,
2356 4037 2490 4100 quo
2538 4037 2613 4082 se

421 4125 910 4212 quodammodo
939 4129 1215 4202 tueatur,
1250 4128 1362 4190 aut
1386 4141 1536 4189 num
1567 4121 1825 4206 aliquid
1856 4122 1967 4200 sit,
1992 4119 2169 4205 quod
2197 4119 2395 4205 poeta
2422 4119 2617 4204 sequi
