3184 4967
1042 395 1124 446 m
1169 398 1288 446 cr..
1335 394 1872 449 cLAUmANUM.
2468 388 2558 455 1⁷

354 562 526 629 quos
569 544 770 607 animi
795 542 1078 607 affectus
1109 542 1245 606 veri
1274 540 1562 618 eliciunt,
1595 542 1683 607 ad
1710 562 1882 625 quos
1910 543 2224 627 loquendi
2250 546 2419 611 ratio
2446 564 2553 627 ea,

357 665 512 729 quae
556 645 804 726 optima
845 648 912 706 et
951 642 1345 707 fidelissima
1385 646 1624 707 mentis
1668 645 1980 727 interpres
2022 649 2145 722 est,
2197 653 2433 728 sponte
2481 654 2556 713 se

357 747 858 811 accommodare
903 745 1090 809 solet.
1179 743 1484 809 Ceterum
1513 744 1831 809 laudandi
1860 747 2327 811 consuetudine
2356 750 2559 813 semel

355 845 646 921 inducta,
685 846 1176 927 certamineque
1213 844 1456 927 poetiS,
1488 846 1860 927 praesertim
1902 846 2257 923 famelicis,
2282 847 2556 930 injecto,

357 966 508 1009 cum
541 947 704 1011 alter
735 946 926 1009 alteri
951 948 1017 1009 in
1041 945 1374 1028 captanda
1397 944 1872 1029 Imperatorum
1900 952 1965 1011 et
1993 967 2334 1030 procerum
2355 949 2554 1017 bene-

353 1049 642 1111 volentia
669 1047 902 1109 cedere
927 1047 1150 1122 nollet,
1182 1045 1452 1122 accidit,
1483 1047 1647 1109 utin
1678 1050 1873 1111 rebus
1906 1050 2071 1112 citra
2098 1066 2356 1113 omnem
2386 1054 2557 1117 veri-

354 1149 514 1211 tatis
541 1148 1010 1211 verecundiam
1049 1147 1370 1229 augendis
1418 1152 1486 1210 et
1536 1147 2026 1232 amplificandis
2069 1152 2557 1233 probabilitatis

353 1248 626 1311 modum
685 1266 960 1330 prorsus
1018 1247 1432 1311 excederent.
1547 1245 1723 1325 Quae
1774 1266 1930 1312 cum
1982 1249 2284 1331 leg-imus,
2332 1254 2558 1317 mirari

353 1348 533 1425 licet,
573 1351 824 1430 quanto
871 1346 1128 1412 stolidae
1172 1350 1558 1429 arrogantiae
1609 1349 1787 1412 callo
1834 1349 2012 1413 frons
2054 1352 2316 1418 illorum
2362 1354 2558 1419 suerit

357 1448 670 1525 obducta,
707 1468 982 1542 quorum
1028 1467 1224 1511 aures
1269 1448 1645 1532 hujusmodi
1690 1450 2187 1515 recitationibus
2234 1460 2553 1535 paterent.

356 1547 493 1613 Sed
541 1552 756 1615 omnis
798 1551 1246 1631 exaggeratiO,
1295 1570 1449 1633 quae
1501 1551 1785 1633 primum
1833 1553 2087 1616 animos
2114 1554 2364 1637 pungit,
2396 1574 2555 1618 con-

355 1652 704 1718 suetudine
762 1652 896 1715 vim
949 1672 1138 1715 suam
1193 1653 1511 1729 amittere,
1565 1656 1761 1735 atque
1805 1653 1875 1716 in
1924 1654 2191 1717 inanem
2236 1654 2556 1741 loquendi

354 1752 704 1817 formulam
745 1753 914 1817 solet
941 1753 1149 1830 abire,
1179 1754 1278 1817 ita
1305 1759 1378 1817 ut
1407 1772 1671 1836 semper
1718 1772 1896 1817 nova
1938 1755 2349 1839 impudentia
2386 1774 2555 1841 opus

356 1855 465 1931 sit,
495 1854 582 1919 ad
609 1860 891 1919 veterem
916 1855 1268 1918 audaciam
1312 1854 1771 1937 superandam.
1860 1851 2109 1937 Atque,
2156 1856 2215 1920 si
2261 1858 2463 1921 semel
2513 1876 2556 1921 a

355 1960 606 2021 naturae
635 1957 910 2019 veritate
937 1956 1007 2018 in
1033 1956 1366 2020 laudando
1395 1955 1762 2019 discessum
1808 1961 1935 2033 est,
1976 1975 2110 2019 non
2154 1960 2369 2039 potest
2397 1977 2553 2022 con-

357 2056 507 2121 sisti
533 2057 668 2121 nisi
696 2076 800 2134 eo,
829 2057 948 2121 ubi
989 2058 1334 2122 verborum
1363 2062 1428 2119 et
1454 2076 1668 2119 rerum
1698 2056 2148 2140 discrepantia
2175 2076 2259 2121 ea
2286 2059 2553 2123 demum
2590 2058 2597 2065 ’

355 2157 538 2223 facta
565 2166 692 2237 est,
723 2166 798 2222 ut
823 2159 931 2223 vel
959 2159 1178 2238 fungis
1223 2163 1290 2221 et
1337 2157 1675 2239 stipitibus
1719 2158 1927 2221 risum
1978 2160 2294 2223 excutiat.
2384 2160 2553 2223 Inde

357 2279 620 2343 quoque
647 2261 936 2325 narratio
963 2266 1274 2324 nascatur
1299 2278 1576 2323 necesse
1606 2263 1729 2337 est,
1757 2276 1891 2323 non
1922 2280 2075 2343 quae
2106 2260 2551 2343 simplicitate,

352 2364 779 2447 proprietate,
811 2367 876 2425 et
900 2368 1246 2428 venustate
1275 2362 1517 2425 sensim
1561 2362 1634 2423 in
1662 2362 1917 2426 animos
1946 2382 2021 2425 sc
2064 2362 2377 2442 insinuat,
2408 2383 2557 2428 eos·

357 2482 486 2545 que
533 2464 715 2528 molli
756 2464 1018 2546 quidem
1059 2462 1175 2526 sed
1223 2468 1440 2526 tamen
1489 2460 1741 2527 efficaci
1792 2464 2097 2547 imperio,
2135 2484 2551 2548 quocumque

354 2566 536 2642 velit,
562 2565 809 2645 flectit3
859 2584 1088 2629 verum
1135 2584 1286 2648 quae
1333 2565 1510 2628 inani
1555 2565 1901 2629 verborum
1932 2586 2181 2649 pompa
2210 2568 2552 2629 sententia-

353 2685 628 2751 rumque
658 2669 934 2748 strepitu
965 2685 1158 2729 aures
1187 2670 1436 2730 tantum
1465 2666 1697 2748 implet
1722 2686 1839 2729 seu
1869 2667 2096 2748 potius
2123 2665 2449 2742 obtundit,
2483 2670 2553 2730 et

353 2766 668 2833 doetrinae
697 2767 1124 2831 multiformis
1159 2768 1597 2831 ostentatione
1642 2772 2007 2851 ornatuque
2052 2766 2345 2850 undique
2394 2787 2557 2831 con-

354 2870 600 2952 quisito
641 2874 913 2933 onerata
950 2870 1133 2950 riget.
1221 2867 1320 2933 Ut
1367 2870 1627 2933 actione
1649 2870 1898 2952 'aliqua
1941 2868 2215 2933 inducta
2262 2868 2551 2933 colorem

355 2971 619 3053 epicum
661 2970 958 3034 carmina
1001 2970 1284 3047 trahant,
1327 2969 1414 3032 ad
1457 2968 1817 3046 fastidium,
1872 2969 2051 3053 quod
2093 2970 2160 3033 in
2208 2970 2551 3052 perpetuis

355 3071 944 3136 declamationibus
981 3075 1050 3133 et
1077 3071 1628 3154 descriptionibus
1659 3072 1989 3135 auditores
2034 3068 2279 3153 ca'pere
2310 3062 2559 3153 possit,

351 3173 739 3250 leniendum,
773 3172 1185 3236 Claudianus
1229 3173 1482 3234 ratione
1526 3172 1727 3235 utitur
1770 3191 1904 3235 non
1934 3191 2190 3255 semper
2214 3170 2420 3248 felici,
2452 3173 2551 3234 in-

353 3274 608 3339 terdum
645 3275 890 3358 jejuna,
941 3274 1014 3337 in
1052 3293 1190 3355 qua
1235 3292 1492 3355 magnae
1521 3273 1820 3355 inprimis
1852 3272 2091 3337 Romae
2124 3272 2291 3337 Deae
2322 3280 2546 3356 partes

355 3381 525 3453 sunt,
553 3376 880 3440 interdum
907 3376 1131 3459 plures
1171 3380 1358 3439 terrae
1401 3377 1466 3438 in
1504 3392 1821 3457 personas
1850 3380 2121 3439 mutatae
2153 3380 2220 3438 et
2244 3374 2433 3439 fluvii
2477 3374 2549 3438 in

353 3494 619 3540 scenam
647 3477 985 3558 prodeunt,
1015 3496 1144 3540 non
1169 3482 1244 3540 ut
1271 3482 1494 3557 agant,
1525 3475 1644 3538 sed
1690 3483 1762 3541 ut
1790 3477 2137 3553 orationeS,
2176 3476 2243 3538 in
2277 3476 2544 3558 quibuS‚

353 3578 676 3659 quicquid
697 3578 1044 3659 figurarum
1073 3583 1136 3642 et
1176 3580 1598 3642 flosculorum
1624 3576 1871 3641 scholae
1900 3578 2236 3640 rhetoricae
2279 3572 2547 3653 collige-

351 3679 502 3755 rint,
551 3684 958 3743 consumtum
1001 3696 1152 3739 esse
1193 3679 1472 3751 videtur,
1517 3697 1670 3738 cum
1706 3678 1871 3737 artis
1922 3675 2357 3737 ostentatione
2402 3678 2548 3736 tan·

355 3798 556 3861 quam
597 3780 666 3842 in
709 3778 1034 3843 auditorio
1080 3777 1303 3859 aliquo
1345 3776 1638 3838 recitent.
1726 3773 1807 3836 In
1846 3781 2029 3837 tanta
2078 3793 2262 3856 saepe
2302 3794 2543 3851 rerum,

356 3899 509 3963 quac
541 3900 696 3943 vera
723 3880 920 3943 laude
949 3878 1161 3959 dignae
1181 3882 1424 3953 essent,
1445 3876 1699 3959 inopia,
1728 3882 1829 3939 est
1858 3895 2037 3953 sane,
2063 3874 2244 3957 quod
2268 3875 2545 3958 mireris,

356 4000 490 4065 qua
515 3982 764 4045 ratione
792 3980 992 4064 poeta
1019 3980 1247 4061 parvis
1276 3986 1344 4043 et·
1382 3978 1701 4042 interdum
1742 3978 2040 4040 sutilibus
2090 3978 2434 4039 verborum
2479 3981 2546 4042 et

355 4084 811 4146 sententiarum
838 4100 1090 4165 pompa
1133 4080 1467 4161 dignitatis
1498 4079 1785 4162 speciem
1820 4077 2209 4154 conciliarit,
2250 4082 2321 4139 et
2362 4096 2547 4160 quae·

356 4182 534 4259 dam,
578 4202 710 4245 non
756 4181 1107 4245 admodum
1151 4180 1534 4256 honorifica,
1575 4180 1835 4244 virtutis
1864 4182 1928 4243 et
1954 4180 2293 4271 sapientiae
2325 4178 2543 4262 splen-

484 4300 666 4365 nezpn.
683 4302 729 4351 et
758 4294 872 4353 ναν.
897 4298 1027 4352 σιω.
1384 4295 1553 4353 claua.
2096 4354 2109 4369 ,
2365 4294 2441 4351 θ’
