3184 4967
1067 397 1151 449 m
1197 397 1316 450 cr..
1359 398 1901 454 omonimum,
2512 385 2607 472 113

397 547 602 634 dique
628 555 864 631 genus,
889 545 1067 631 quod
1115 550 1380 612 secutus
1405 551 1528 626 est,
1573 550 1893 630 cognosci
1932 551 2171 633 possit,
2200 553 2455 638 quippe
2484 556 2601 640 qui

399 647 900 715 similitudinem
929 647 1076 731 ejus
1095 647 1394 726 familiae,
1437 650 1506 711 in
1534 668 1667 731 qua
1696 655 1889 714 natus
1920 657 2113 717 estet
2138 653 2488 734 educatus,
2528 657 2599 721 in

401 751 710 815 omnibus
737 750 880 813 suis
903 750 1304 813 carminibus
1331 767 1474 832 prae
1495 769 1569 814 se
1589 751 1780 815 ferat.

485 849 729 916 Adhuc
767 852 1034 936 juvenis
1092 851 1161 914 in
1214 847 1603 914 Graecorum
1652 854 1922 936 scriptis
1964 861 2292 934 versatuS‚
2324 876 2599 940 quorum

400 967 705 1020 sermone
729 955 924 1017 etiam
974 955 1294 1017 hactenus
1340 953 1409 1016 in
1457 955 1859 1021 carminibus
1897 957 2217 1024 faciendis
2246 977 2408 1022 usus
2450 979 2601 1026 esse

398 1055 679 1133 videtur,
729 1058 956 1120 nescio
983 1075 1120 1139 quo
1147 1075 1314 1120 casu
1357 1060 1426 1118 et
1469 1076 1605 1138 quo
1654 1077 1825 1122 anno
1864 1057 2157 1124 Romam
2188 1067 2291 1125 est
2318 1061 2599 1128 delatus.

397 1159 510 1224 Ibi
533 1157 1054 1224 Alexandrinum
1081 1157 1242 1222 illud
1274 1159 1603 1240 ingenium
1646 1160 1894 1225 invenit
1934 1161 2175 1240 solum,
2224 1162 2295 1224 in
2323 1181 2455 1247 quo
2477 1163 2601 1230 lae-

397 1261 536 1325 tius
584 1261 808 1343 potuit
851 1257 1275 1324 efflorescere.
1363 1258 1408 1322 J
1413 1279 1521 1322 am
1569 1259 1824 1342 pridem
1848 1263 2022 1326 enim
2052 1281 2267 1326 sermo
2296 1263 2599 1345 Latinus,

400 1361 490 1436 ad
519 1361 839 1426 rationem
866 1360 1210 1442 poetarum
1240 1359 1837 1424 Alexandrinorum
1884 1367 2303 1445 temperatus,
2348 1385 2395 1429 a
2432 1366 2603 1449 pris·

400 1464 542 1528 tina
587 1462 1014 1546 simplicitate
1054 1462 1433 1538 deflexerat,
1478 1461 1961 1544 candoremque
2008 1481 2203 1526 suum
2251 1483 2405 1528 cum
2448 1465 2605 1550 ipsa

399 1565 650 1629 civium
677 1565 974 1629 libertate
1001 1565 1334 1630 amiserat.
1401 1563 1560 1628 Nou
1589 1564 1763 1628 enim
1794 1565 2081 1648 amplius
2100 1565 2339 1648 patriae
2372 1569 2601 1646 amori,

381 1666 786 1748 frugalitati,
817 1665 1145 1748 gravitati,
1177 1671 1369 1748 atque
1417 1667 1811 1731 constantiae
1840 1667 1909 1732 in
1958 1667 2153 1730 rebus
2185 1669 2603 1749 gravissimis

396 1768 817 1844 inserviebat,
868 1764 986 1830 sed
1013 1767 1326 1850 publicus
1365 1767 1512 1850 ejus
1555 1787 1719 1832 usus
1761 1769 1829 1832 in
1862 1767 2199 1834 adulando
2246 1775 2388 1834 erat
2413 1771 2607 1855 posi—2

399 1873 535 1946 tus,
565 1867 925 1953 depravato
954 1867 1216 1951 pulchri
1244 1867 1506 1950 judicio
1537 1869 2104 1950 accommodatus,
2135 1877 2331 1954 atque
2360 1873 2433 1936 in
2462 1873 2607 1948 rho-

400 1973 616 2033 torum
674 1969 916 2052 scholis
973 1965 1449 2062 auditoriisque
1513 1971 1933 2034 recitantium
1986 1961 2319 2064 troporum
2362 1971 2607 2056 figura·

397 2089 681 2163 rumque
721 2070 1162 2149 multitudine,
1197 2070 1617 2136 formularum
1660 2073 2132 2139 subtilitatibus
2180 2076 2606 2157 pronuntian-

396 2171 606 2256 dique
631 2173 913 2238 mollitia
941 2175 1273 2250 oneratuS,
1303 2174 1699 2250 obscuratus
1723 2179 1925 2257 atque
1951 2180 2315 2240 enervatus.
2363 2172 2606 2258 Omnia

401 2273 492 2338 ad
545 2275 806 2337 aurium
849 2273 1262 2358 voluptatem
1314 2273 1808 2356 referebantur3
1850 2281 1918 2340 et
1968 2297 2105 2360 quo
2164 2278 2317 2362 quis
2388 2277 2605 2360 magis

401 2385 916 2450 ostentationem
959 2385 1186 2468 ipsam
1231 2384 1629 2463 ostenderet,
1688 2405 1772 2450 eo
1826 2386 2061 2469 majori
2118 2389 2357 2470 plausu
2414 2389 2605 2452 exci-

401 2488 712 2569 piebatur
739 2486 888 2570 ejus
932 2490 1166 2552 oratio.
1257 2487 1391 2551 Sed
1439 2485 1524 2550 de
1559 2486 1667 2552 his
1710 2487 1977 2552 uberius
2028 2489 2161 2552 alio
2189 2489 2342 2554 loco
2370 2489 2603 2574 dispu-

404 2589 710 2654 tavimus·
2214 2575 2221 2583 ’

490 2689 630 2755 Diu
655 2691 803 2776 jam
847 2709 890 2754 a
917 2691 1290 2757 rhetoribus
1319 2697 1456 2758 erat
1484 2698 1843 2776 receptum,
1868 2697 1947 2756 ut
1966 2697 2256 2758 veterum
2287 2691 2605 2756 orationi·-

401 2793 558 2870 bnS,
586 2792 1123 2877 praeclarissimis
1151 2799 1402 2858 naturoe
1433 2791 1911 2880 atqueingenii
1940 2791 2234 2869 foetibus,
2268 2792 2609 2872 excussis,⁸

399 2911 538 2958 non
611 2895 828 2959 solum
909 2914 1126 2976 rerum
1207 2895 1709 2973 inventionem,‘
1746 2895 1863 2958 sed
1920 2901 2029 2958 et·
2058 2893 2607 2978 compositionem

401 3012 796 3088 omnemque
851 2995 1289 3060 elocutionem
1342 2996 1429 3059 ad
1486 3001 1703 3060 certas
1757 2995 2359 3078 praeceptiunculas
2417 3013 2607 3058 revo-

403 3102 657 3174 carent,
677 3095 993 3178 ·indeque
1045 3082 1266 3162 artem·
1305 3095 1657 3177 efficerent,
1688 3115 1826 3182 qua
1874 3099 2029 3182 quis
2073 3097 2432 3162 instructus
2456 3115 2605 3162 ora-

401 3183 622 3262 tiones
657 3215 790 3260 non
833 3197 970 3260 illis
1025 3197 1312 3280 quidem,
1361 3209 1462 3262 ex·
1499 3199 1743 3282 quibus
1792 3199 2035 3282 regulae
2062 3204 2249 3262 erant
2274 3197 2604 3277 deductae,

401 3317 628 3381 pareS,
657 3297 775 3360 sed
823 3315 1046 3362 earum
1093 3297 1564 3364 similitudines
1608 3300 1931 3364 imitando
1982 3317 2343 3384 expressas
2372 3305 2611 3380 posset

403 3400 762 3466 elaborare.
851 3398 934 3462 In
989 3400 1117 3464 hac
1170 3406 1312 3465 arte
1367 3401 1773 3484 perficienda
1832 3408 1900 3466 et
1950 3400 2415 3484 locupletanda
2468 3414 2607 3482 quo

401 3500 618 3580 magis
643 3505 832 3565 erant
873 3503 1206 3585 occupati,
1265 3521 1346 3566 eo
1390 3503 1751 3586 proclivior
1794 3504 2063 3587 quidem
2096 3503 2213 3568 via
2262 3499 2617 3566 videbatur.

401 3603 662 3666 munita
696 3601 786 3665 ad
843 3604 1239 3684 eloquentiae
1290 3604 1580 3681 laudem,
1634 3606 1837 3670 etiam
1888 3605 1975 3668 iis
2002 3623 2177 3685 quos
2224 3603 2481 3664 aditum
2516 3602 2607 3666 ad

401 3709 745 3768 oratorum
799 3707 1048 3768 coetum
1105 3709 1342 3790 natura
1395 3721 1591 3784 paene
1639 3709 2010 3784 negaverat,
2071 3703 2191 3766 sed
2248 3721 2329 3765 eo
2385 3704 2607 3786 magis

403 3805 673 3888 ingenia
697 3805 872 3887 ipsa,
927 3822 1082 3886 quae
1132 3803 1344 3867 libero
1399 3823 1599 3866 cursu
1642 3803 1867 3868 forsan
1912 3823 2167 3866 summa
2210 3803 2607 3884 attigissent,

401 3906 1108 3992 praeceptiurrcnlarum
1163 3903 1482 3986 angustiis
1527 3905 2052 3986 circumscripta,
2102 3903 2259 3966 dum
2305 3903 2609 3971 locorum

405 4008 612 4090 copia
640 4013 839 4089 atque
866 4007 1162 4070 ubertate
1206 4011 1468 4086 parata,
1513 4011 1767 4068 remoto
1812 4005 2048 4066 mentis
2098 4003 2167 4066 in
2210 4003 2609 4082 inveniendo
2650 4037 2659 4044 ·

403 4115 478 4172 et
519 4107 971 4188 excogitando
1019 4107 1273 4183 labore,
1319 4111 1677 4182 uterentur,
1724 4111 1989 4188 torpore
2032 4104 2323 4186 quodam
2340 4123 2609 4170 exares-

405 4209 672 4279 cebant.
759 4207 974 4273 Idem-
991 4207 1124 4272 fere
1173 4207 1243 4274 in
1294 4205 1592 4290 poetices
1639 4204 1881 4274 studiis
1926 4205 2259 4270 accidisse
2284 4219 2610 4290 perquam
