3184 4967
1131 425 1214 474 m
1263 423 1384 473 cr..
1427 423 1964 477 cummanum
2548 410 2642 484 a

441 569 847 634 Pollentiam
906 568 1239 653 praelium,
1287 567 1470 654 quod
1529 587 1673 652 prae
1722 555 1966 634 ceteris
2016 567 2369 636 debuisset
2410 573 2641 640 verbis

439 690 790 749 exornare,
820 672 1054 737 leviter
1077 678 1342 738 tantum
1371 671 1615 753 attigit.
1703 669 1965 736 Forsan
1992 671 2367 738 consultius
2396 675 2643 740 existi-

439 773 671 849 mavit,
711 772 950 854 paucis
977 774 1047 836 in
1073 772 1196 837 illa
1224 791 1298 836 re
1323 770 1755 837 describenda
1784 771 2073 856 defungi,
2121 793 2275 857 quae
2326 781 2641 844 accurate

442 874 758 956 exposita
784 873 1064 954 gloriam
1095 872 1482 938 Stilichonis
1516 873 1629 936 vel
1672 873 2019 938 minuisset
2043 874 2152 939 vel
2182 875 2638 946 obscurasset.

438 973 672 1058 Hujus
699 975 794 1038 rei
825 975 1283 1056 suspicionem
1311 975 1536 1057 ipsum
1556 993 1825 1058 quoque
1848 973 2075 1058 poetae
2102 977 2393 1042 studium
2408 983 2644 1044 movet

431 1077 505 1139 in
528 1074 870 1141 laudando
900 1075 1292 1141 Stilichonis
1321 1077 1609 1141 consilio
1632 1075 1731 1163 (v.
1756 1075 1865 1142 90.
1897 1075 2148 1162 seqq),
2180 1099 2317 1161 quo
2371 1079 2639 1164 pulsum

435 1176 813 1253 Alaricum,
839 1197 1058 1260 quem,
1091 1179 1154 1242 si
1198 1176 1536 1242 adulatori
1584 1177 1755 1242 fides
1798 1185 1927 1256 est,
1971 1180 2083 1244 vel
2125 1179 2355 1246 vivum
2398 1199 2641 1264 capere

435 1279 548 1344 vel
575 1279 847 1360 penitus
877 1278 1090 1342 delere
1121 1280 1480 1362 potuisset,
1511 1279 1775 1345 salvum
1802 1287 1875 1343 et
1902 1278 2301 1350 incolumem
2330 1301 2419 1346 ex
2437 1281 2641 1352 Italia

440 1379 784 1472 decedere·
824 1399 1074 1464 passus
1127 1388 1250 1447 est.
1339 1381 1753 1466 Hujusmodi
1820 1381 2219 1464 eloquentiae
2268 1383 2643 1466 specimina

437 1484 697 1565 saepius
727 1488 962 1557 nostra
987 1484 1302 1548 memoria
1345 1484 1414 1546 in
1441 1501 1522 1546 eo
1561 1483 1743 1546 bello
1788 1489 1947 1546 sunt
1975 1483 2183 1561 edita,
2211 1503 2345 1566 quo
2364 1481 2645 1550 Germa·

439 1584 584 1660 nia,
614 1604 744 1649 non
775 1584 1007 1648 virtuti
1057 1591 1132 1648 et
1182 1585 1409 1662 armis,
1439 1583 1558 1648 sed
1589 1583 1983 1668 Principum
2031 1581 2373 1648 discordia
2414 1585 2645 1666 prodi-

435 1685 613 1749 tioni
660 1691 726 1750 et
763 1686 1063 1769 perfidiae
1111 1689 1342 1751 cessit.
1432 1684 1740 1752 Ceterum
1796 1704 1953 1751 cum
1988 1684 2245 1750 indoles
2290 1690 2361 1750 et
2400 1691 2645 1750 natura

433 1785 630 1872 hujus
658 1788 914 1869 generis
945 1787 1308 1852 carminum
1335 1807 1378 1851 a
1399 1787 1733 1870 prioribus
1760 1805 1894 1852 non
1918 1803 2315 1870 magnopere
2345 1783 2643 1864 abludat,

439 1905 656 1970 eaque
683 1889 866 1965 vitia,
897 1907 1048 1970 quae
1075 1907 1276 1972 supra
1301 1894 1526 1954 notata
1555 1897 1731 1967 sunt,
1778 1888 1935 1954 huic
1962 1907 2232 1972 quoque
2269 1887 2511 1968 insint3
2554 1886 2645 1951 ad

437 2007 522 2054 ea
549 2009 1003 2072 properemus,
1037 2009 1190 2073 quae
1218 1996 1494 2056 restant.

449 2112 456 2118 ·
527 2090 856 2169 Quartum
912 2111 1137 2173 genus,
1189 2093 1371 2175 quod
1425 2093 1721 2156 carmina
1776 2092 1851 2156 -in
1920 2091 2189 2175 nuptias
2247 2089 2538 2154 Honorii
2581 2093 2649 2153 et

441 2191 688 2256 Mariae
713 2197 914 2276 atque
945 2193 1237 2258 Palladii
1267 2199 1334 2258 et
1361 2192 1688 2257 Celerinae
1712 2193 2193 2276 complectitur,
2236 2211 2390 2254 cum
2438 2195 2647 2256 mate-

439 2294 544 2362 ria
595 2296 750 2379 ipsa
809 2300 950 2360 tum
1000 2296 1394 2360 tractatione
1449 2295 1773 2379 majorem
1829 2294 2183 2359 lectoribus
2238 2292 2649 2374 voluptatem

439 2397 854 2480 praebebunt.
944 2396 1027 2461 In
1056 2397 1186 2461 hoc
1215 2395 1525 2462 videmus
1568 2395 1865 2479 poetam,
1917 2413 2299 2478 quanquam
2340 2393 2473 2456 illis
2502 2391 2647 2468 vin·

441 2498 613 2562 culis
643 2497 936 2562 nondum
981 2499 1178 2581 plane
1223 2498 1627 2576 exsolutum,
1658 2498 1903 2580 quibus
1946 2515 2097 2560 eum
2142 2483 2647 2560 consuetudinis

439 2597 549 2668 vis
592 2599 1128 2682 existimatioque
1179 2600 1460 2682 publica
1505 2600 1588 2662 de
1642 2599 1923 2680 pulchro
1965 2603 2033 2659 et
2075 2594 2379 2671 honesto,
2422 2592 2649 2675 qualis

440 2703 594 2763 tunc
623 2701 940 2784 temporis
983 2709 1146 2777 erat,
1193 2703 1508 2765 innexum
1546 2701 1843 2776 tenebat,
1887 2697 2161 2761 liberius
2206 2701 2427 2760 tamen
2469 2693 2649 2757 ince-

441 2795 617 2878 dere,
642 2806 708 2866 et
749 2820 840 2865 ex
890 2822 1013 2866 suo
1061 2802 1276 2884 ipsius
1315 2803 1580 2885 ingenio
1630 2800 1975 2865 materiam
2025 2801 2272 2881 petere,
2317 2813 2521 2878 quam
2578 2793 2650 2858 in

435 2901 770 2984 prioribus
820 2903 930 2967 vel
972 2904 1258 2968 virtutes
1313 2906 1677 2969 amicorum
1734 2903 1845 2967 vel
1895 2902 2067 2967 vitia
2123 2895 2648 2964 adversariorum

435 3003 880 3088 praebuerant.
967 3001 1139 3067 Cum
1169 3005 1341 3069 enim
1381 3006 1617 3071 laudes
1658 3004 1938 3088 alicujus
1978 2997 2295 3087 persequi
2318 3001 2457 3064 ,aut
2483 2996 2649 3062 vitia

442 3110 560 3169 aut
598 3125 734 3168 rem
775 3107 1070 3190 aliquam
1115 3113 1373 3189 gestam
1429 3127 1771 3190 exponere
1827 3105 2041 3186 magis
2084 3104 2177 3168 sit
2220 3099 2507 3165 oratoris
2538 3095 2652 3161 vel

439 3204 740 3270 historici
767 3226 966 3291 quam
993 3207 1241 3291 poetae,
1275 3209 1436 3291 quia
1475 3214 1576 3272 tot
1614 3213 1889 3290 tamque
1931 3205 2217 3281 diversa,
2250 3220 2403 3285 quae
2450 3197 2649 3266 simul

439 3307 874 3389 praedicanda
932 3316 1115 3387 sunt,
1172 3311 1295 3375 vix
1348 3311 1444 3374 ita
1494 3315 1783 3393 possunt
1838 3305 2187 3389 componi,
2224 3307 2300 3366 ut
2354 3301 2651 3366 membra

442 3411 637 3490 quasi
665 3411 862 3508 unius
889 3411 1151 3500 pulchri
1177 3413 1480 3496 corporis
1505 3411 1873 3489 videantur,
1897 3427 2117 3492 neque
2160 3423 2376 3470 rerum
2426 3400 2650 3466 delec-

439 3513 552 3572 tus
579 3510 741 3574 liber
767 3517 894 3587 est,
922 3530 1135 3595 neque
1181 3514 1364 3577 omni
1388 3513 1737 3578 verborum
1784 3517 1853 3575 et
1890 3508 2354 3574 sententiarum
2396 3521 2652 3586 pompa

438 3609 552 3674 ille
609 3609 803 3674 ardor
844 3614 1130 3677 excitari
1187 3619 1431 3696 potest,
1463 3634 1599 3696 quo
1651 3612 1845 3678 liberi
1891 3609 2159 3691 ingenii,
2208 3621 2527 3669 sensuum
2581 3607 2652 3667 et

439 3709 802 3793 imaginum
828 3714 1108 3777 veritate
1133 3713 1428 3788 accensi,
1459 3711 1665 3774 foetus
1692 3713 2183 3790 agnoscuntur:
2228 3703 2367 3770 noli
2400 3703 2649 3782 mirari,

443 3811 628 3892 quod
650 3813 724 3876 in
751 3813 1084 3896 prioribus
1115 3814 1623 3878 declamatorem
1651 3814 1903 3875 tantum
1946 3807 2196 3872 sentias
2228 3802 2497 3887 poetico
2542 3823 2649 3868 or-

439 3917 604 3976 natu
627 3913 1060 3991 incedentem,
1089 3919 1288 3998 teque
1313 3916 1532 3998 ipsum
1561 3915 1631 3978 in
1675 3918 1868 3979 tanto
1913 3910 2077 3976 artis
2119 3910 2451 3990 apparatu
2487 3903 2651 3971 nihil

441 4021 865 4080 commotum.
933 4008 1360 4099 'Nuptiarum
1391 4008 1713 4098 cogitatio
1745 4016 2019 4100 copiam
2042 4028 2257 4076 rerum
2296 4012 2365 4070 et
2410 4005 2647 4088 imag-i-

441 4133 616 4180 num.
644 4121 1074 4180 venustarum
1120 4115 1344 4199 poetae
1386 4115 1590 4182 menti
1637 4116 1994 4198 suggessit,
2048 4130 2220 4196 quas
2273 4107 2649 4200 inventione

443 4213 792 4298 ingeniosa
836 4218 932 4284 ita
969 4219 1340 4305 conjunxit,
1372 4225 1446 4284 ut
1490 4218 1776 4285 naturali
1802 4216 2071 4285 vinculo
2107 4215 2280 4281 inter
2320 4232 2395 4278 se
2426 4210 2648 4276 cobae-
