3184 4967
557 420 689 487 132
1272 433 1393 484 cn.
1440 433 1866 483 οιΑυιιιΑιιι
1919 434 2030 483 ιιι.

556 576 959 641 Communes
994 594 1251 658 semper
1277 575 1447 653 litui,
1476 576 1857 645 eommunia
1879 574 2076 639 nobis

551 677 759 759 Signa
788 682 1055 752 canunt,
1074 677 1437 761 junctoque
1468 696 1713 760 sequor
1741 676 2024 739 tentoria
2051 694 2266 739 curru.

555 776 673 841 Sic
702 779 878 840 satus
905 796 1147 858 campo
1178 777 1451 854 insiluit,
1482 778 1738 859 lateque
1769 775 2031 856 fugatas

554 876 737 941 Hinc
770 877 1086 941 Stilichon
1116 882 1382 954 turmaS,
1414 876 1595 941 illinc
1626 877 1970 940 Gradivus
1998 874 2308 957 agebant,
2611 873 2746 939 350

552 976 644 1039 Et
671 977 928 1060 clypeis
956 983 1023 1040 et
1049 977 1221 1053 mole
1245 996 1463 1058 pareS.
1548 977 1698 1041 Stat
1727 978 1940 1039 cassis
1968 975 2226 1057 utrique

553 1074 845 1139 Sidereis
873 1077 1131 1140 hirsuta
1143 1076 1355 1159 jubis,
1386 1077 1728 1157 loricaque
1752 1094 1954 1141 eursu

552 1176 848 1253 AEstuat,
886 1184 955 1240 et
977 1178 1161 1259 largo
1190 1177 1467 1241 satiatur
1496 1178 1760 1239 vulnere
1790 1194 2056 1239 cornus.

545 1332 780 1384 inimicas.
845 1335 987 1383 Tuboe
1008 1335 1206 1383 eaedem
1240 1338 1481 1398 perpetuo,
1510 1336 1627 1383 dant
1659 1334 1792 1383 nobis
1813 1336 1972 1383 eadem
1993 1335 2132 1396 signa
2153 1348 2361 1396 pugnae,
2394 1338 2443 1382 et
2473 1348 2615 1384 curru
2636 1350 2743 1385 con·

534 1398 707 1457 juncto
728 1397 921 1446 comitor
939 1398 1283 1448 tabernaculum
1308 1399 1485 1461 ipsius.
1553 1400 1698 1447 Mars
1721 1399 1794 1447 ita
1825 1400 2002 1447 locutus
2024 1398 2194 1447 exiluit
2234 1402 2286 1445 in
2326 1412 2533 1459 arenam,
2563 1405 2608 1447 et
2633 1401 2740 1449 hine

550 1462 752 1509 Stilicho
769 1462 1005 1525 premebat
1029 1462 1237 1511 cohortes
1256 1464 1475 1524 expulsas
1508 1464 1660 1524 longe,
1682 1464 1813 1510 illinc
1837 1458 1974 1509 Mars
1997 1462 2284 1525 premebat,
2317 1462 2466 1509 ambo
2494 1464 2671 1511 similes
2693 1468 2742 1513 et

549 1524 697 1573 &cutia
714 1530 763 1573 et
783 1525 1125 1585 magnitudine.
1198 1527 1401 1587 Uterque
1422 1525 1561 1574 habet
1579 1526 1766 1585 galeam
1787 1526 2048 1573 humentem
2070 1524 2230 1573 cristis
2245 1524 2537 1581 ardentibus,
2570 1532 2615 1573 et
2639 1528 2742 1575 tho·

548 1602 643 1637 ωε
662 1588 823 1648 fervet
844 1590 1125 1654 agitatione,
1156 1594 1203 1637 et
1239 1589 1379 1637 hasta
1398 1594 1645 1637 saturatur
1665 1590 1829 1637 multis
1857 1589 2032 1651 plagis.
2100 1589 2302 1637 Interim
2334 1590 2550 1651 Megoera
2567 1590 2741 1639 violen-

1465 1709 1551 1727 000
1560 1708 1822 1727 000000000

544 1801 622 1837 vs.
644 1791 758 1837 8⁷4.
784 1803 847 1837 ex
871 1789 1036 1838 veteri
1061 1788 1190 1838 Cod.
1216 1790 1231 1816 ‘
1252 1788 1352 1839 Qui
1378 1788 1584 1850 subigat
1602 1786 1788 1836 Medos
1813 1794 1867 1837 et
1889 1788 2103 1853 cuspide
2127 1793 2362 1850 proterat
2383 1786 2738 1838 Indos.’—348

541 1856 716 1901 canant
740 1853 946 1903 ΤΙιοΙοε.
977 1854 1187 1915 victoque
1211 1853 1395 1901 Petav.
1420 1858 1542 1901 tert.
1576 1852 1822 1913 vinctoque
1847 1853 1928 1901 vel
1953 1854 2206 1913 ,iunctoque
2237 1853 2429 1900 Moret.
2451 1866 2557 1900 sec.
2599 1853 2741 1901 simul

546 1930 642 1979 pro
662 1930 828 1977 sequor
848 1915 1028 1966 Ambr.
1052 1932 1131 1979 pr.
1179 1932 1348 1979 sequar
1362 1917 1561 1965 Thnan.
1586 1926 1642 1963 et
1665 1916 1787 1963 Vat.
1813 1932 1890 1977 ρι’.
1929 1930 1960 1963 a
1982 1932 2050 1965 ιιι.
2075 1930 2153 1977 ρι’.
2201 1916 2405 1976 vestig-iu
2433 1916 2618 1963 Petav.
2656 1930 2738 1979 pr.

442 1975 446 1979 ⁷
545 1978 693 2027 Leid.
741 1980 945 2041 vestigia
965 1994 1105 2028 curm
1128 1988 1232 2029 vet.
1272 1981 1359 2029 lib.
1384 1996 1464 2043 ap.
1506 1981 1653 2029 Deir.
1706 1980 1914 2028 teuton-ia
1936 1981 2020 2027 vel
2055 1980 2260 2039 vestigia
2299 1982 2433 2041 Reg.
2473 1979 2576 2027 duo
2615 1980 2738 2029 Vat-

548 2042 721 2091 Oxon.
762 2058 842 2105 pr.
895 2060 1038 2091 curm
1060 2051 1165 2091 tres
1184 2046 1307 2093 Vat.
1334 2044 1478 2091 Med.
1514 2050 1638 2092 tert.
1660 2044 1793 2091 Laeti
1819 2053 1874 2091 et
1896 2044 2014 2092 Pat.
2037 2058 2145 2091 rec.
2193 2058 2332 2091 curva
2355 2044 2434 2091 vei
2453 2058 2590 2091 cursu
2613 2044 2736 2091 Put.

542 2118 680 2154 cursu
702 2108 886 2169 reliqui
903 2112 1256 2156 omnes—4349
1288 2108 1472 2156 insiliat
1494 2106 1734 2154 meliores
1758 2120 1933 2155 omues
1951 2115 2005 2155 et
2029 2108 2156 2155 Exc.
2179 2106 2399 2155 Lucens.
2416 2122 2518 2155 sec..
2564 2106 2738 2155 insiliit

544 2168 647 2217 duo
674 2170 863 2219 Moret.
897 2172 1023 2219 Exc.
1049 2172 1182 2219 Laeti
1213 2179 1268 2220 et
1289 2171 1409 2219 Am.
1452 2169 1656 2232 fugatas
1690 2171 1819 2219 Exc.
1838 2172 2057 2221 Lucens.
2081 2185 2158 2233 pr.
2195 2170 2428 2230 fugantes
2460 2170 2588 2218 Exc.
2612 2171 2734 2219 Pat.
2783 2191 2790 2199 ·

542 2246 650 2281 ree.
694 2241 747 2280 et
784 2235 933 2296 Laeti,
966 2234 1047 2283 ed.
1086 2235 1260 2282 Parm.
1296 2244 1353 2283 et
1386 2234 1726 2283 vicen—850
1758 2234 1926 2281 scilice
1951 2236 2075 2283 Lov.
2137 2234 2340 2281 stilicon
2357 2235 2481 2283 Vat.
2499 2235 2617 2297 quin
2657 2248 2739 2295 ue,

542 2296 775 2345 Florent.
803 2298 966 2346 Oisel.
1014 2297 1247 2346 Stilichmt
1278 2300 1397 2347 Vat.
1436 2312 1516 2361 pr.
1548 2312 1643 2359 pro
1665 2312 1772 2346 var.
1805 2299 1927 2345 ieet.
1964 2298 2160 2346 Mazar.
2182 2297 2369 2345 Petav.
2396 2312 2499 2345 see.
2549 2303 2630 2345 tm·
2657 2292 2754 2345 «ιη’

540 2359 669 2408 Var.
705 2360 855 2411 Lect.
898 2362 980 2411 ed.
1022 2359 1183 2411 Antv.
1268 2366 1451 2409 turmas
1481 2360 1664 2422 scripti
1704 2376 1898 2418 omnes,
1954 2362 2083 2410 Exc.
2137 2361 2355 2409 Gevart.
2401 2360 2620 2409 Lucens.
2657 2376 2736 2423 pr.

542 2429 598 2471 et
635 2422 717 2471 ed.
758 2424 932 2473 Vicet.
1001 2426 1099 2473 illic
1133 2425 1215 2474 ed.
1257 2425 1433 2473 Parin.
1493 2424 1785 2473 Grandoevus
1821 2439 1984 2489 marg.
2023 2426 2216 2473 Morin.
2267 2423 2438 2485 agebat
2473 2433 2575 2473 tres
2612 2426 2734 2474 Vat-

542 2487 695 2535 Farn.
736 2489 866 2537 Exc.
902 2488 1055 2537 Laeti.
1122 2490 1323 2547 agebunt
1362 2489 1547 2552 reliqui
1571 2498 1626 2535 et
1663 2488 1796 2537 Exc.
1839 2490 2218 2537 Gevart.—351
2253 2494 2302 2536 et
2338 2502 2495 2536 amore
2533 2490 2736 2537 'riman-

540 2550 693 2599 Farn.
733 2552 874 2600 l’ric.
907 2552 1089 2601 Ambr.
1122 2568 1203 2615 pr.
1242 2554 1434 2601 Moret.
1472 2566 1550 2613 pr.
1587 2560 1644 2599 et
1667 2552 1788 2599 Vat.
1821 2552 1991 2600 Livin.
2043 2568 2169 2599 πων-ε
2204 2551 2306 2600 duo
2329 2552 2453 2599 Vat.
2483 2550 2582 2599 duo
2611 2552 2736 2601 Pet.

539 2614 768 2677 Floreat.
805 2616 928 2664 Put.
967 2618 1162 2665 Mazar.
1196 2617 1311 2665 l’at.
1348 2615 1499 2664 nott.
1536 2615 1704 2664 Oisel.
1738 2616 1883 2664 Med.
1919 2622 2042 2663 tert.
2082 2625 2138 2664 et
2175 2630 2278 2663 sec.
2314 2630 2344 2663 a
2382 2630 2451 2666 ιιι.
2491 2629 2570 2677 ρι’.
2605 2630 2734 2664 unus

540 2676 726 2728 Heins.
774 2679 892 2727 mole
914 2682 999 2727 vel
1020 2694 1147 2728 neore
1169 2681 1295 2743 Reg.
1321 2682 1503 2729 Petav.
1527 2694 1609 2741 pr.
1634 2694 1664 2725 a
1686 2682 1754 2725 ιιι.
1781 2693 1857 2741 ρι’.
1913 2683 2031 2727 mele
2054 2679 2139 2726 vel
2159 2694 2315 2727 amore
2336 2678 2482 2727 Med.
2503 2694 2610 2727 sec.
2634 2680 2736 2727 Pe·

537 2747 645 2792 tav,
680 2756 761 2803 pr.
810 2743 1051 2791 Heinsius
1074 2752 1362 2804 notaverat,
1396 2757 1544 2805 posse
1568 2758 1772 2805 quoque
1793 2742 1916 2803 legi,
1950 2744 2020 2789 Et
2039 2743 2201 2803 clipeis
2220 2748 2265 2789 et
2289 2744 2456 2790 honore
2472 2758 2624 2803 pares.
2676 2748 2734 2791 ut

538 2803 629 2853 nb.
665 2818 727 2853 11.
752 2805 817 2853 de
843 2806 999 2867 Rapt.
1037 2806 1285 2869 Proserp.
1306 2822 1381 2854 vs.
1418 2811 1500 2855 38.
1532 2810 1547 2832 ‘
1574 2808 1620 2853 N
1628 2821 1688 2853 ec
1713 2805 1954 2853 membris
1977 2819 2070 2853 nec
2091 2807 2285 2853 honore
2307 2804 2505 2853 minor!
2566 2806 2620 2853 in
2653 2819 2734 2854 ore

538 2866 685 2917 Leid.
708 2884 786 2931 pr.
835 2871 1046 2932 utrisque
1068 2878 1173 2918 tres
1194 2870 1317 2918 Vat.
1343 2870 1469 2917 Lov.
1508 2869 1740 2917 Floreat.
1781 2868 1912 2926 Reg.
1951 2868 2077 2916 Put.
2115 2869 2288 2916 Oxon.
2323 2882 2430 2915 see.
2469 2868 2614 2915 Leid.
2651 2884 2733 2931 pr.

542 2930 691 2981 Rott.
729 2933 889 2981 Oisel.
913 2943 1017 2982 tres
1040 2934 1224 2981 Petav.
1248 2934 1614 2981 'Pholum—352
1647 2932 1788 2979 comis
1822 2945 1918 2992 pro
1940 2931 2074 2989 jubis
2108 2932 2248 2982 Prie.
2282 2930 2428 2980 Med.
2452 2939 2575 2979 tert.
2600 2933 2733 2982 Exe-

540 2994 671 3043 Cod.
714 2996 896 3044 Rhem.
921 2998 1048 3044 Exc.
1073 2997 1217 3044 Voss.
1248 2996 1393 3055 jubas
1420 2996 1534 3043 Vat.
1557 3008 1636 3057 ρι’.
1661 3009 1692 3041 a
1713 3009 1782 3041 ιιι.
1808 3008 1886 3054 ρι’.
1927 2994 2062 3043 uude
2087 2994 2330 3043 Heinsius
2351 2995 2568 3057 conjicit
2599 2996 2734 3044 Side·

533 3072 641 3112 rem
660 3058 842 3106 hirsuta
850 3059 1008 3118 jubas.
1056 3073 1240 3107 cursum
1261 3058 1469 3107 Titulos.
1492 3072 1631 3105 cursu
1651 3090 1662 3105 .
1686 3092 1698 3105 .
1719 3092 1735 3116 ‚
1767 3071 1913 3105 erasa
1937 3072 2038 3106 una
2071 3058 2223 3107 litera
2240 3059 2361 3107 Vat.
2387 3073 2468 3120 pr.
2495 3064 2550 3107 ut
2573 3073 2732 3121 appa-

538 3128 655 3169 reat
690 3136 873 3169 cursum
908 3121 1085 3184 fuisse,
1118 3122 1254 3185 quod
1291 3121 1543 3185 probabat
1568 3121 1832 3180 Heinsius,
1869 3123 1956 3183 qui
1979 3122 2062 3170 hic
2081 3124 2298 3181 monuit,
2331 3122 2566 3170 similiter
2587 3137 2642 3171 se
2673 3122 2728 3172 in

534 3182 807 3231 Prudentii
843 3186 954 3233 ioco
993 3200 1058 3233 ex
1100 3186 1201 3234 Ms-
1237 3186 1361 3233 Pur.
1396 3185 1686 3233 restituisse
1722 3191 1894 3233 (estuat
1933 3186 2066 3231 sitim
2105 3200 2157 3247 ρ.
2183 3190 2296 3235 142.
2349 3200 2492 3233 curru
2515 3186 2732 3234 Laid.—

535 3250 633 3296 858
666 3252 831 3297 munt
848 3250 1019 3298 vicet.
1050 3248 1224 3297 Parm.
1256 3256 1312 3297 et
1327 3247 1450 3301 Ald.
1484 3250 1622 3309 longo
1641 3249 1839 3299 Mazar.
1863 3249 1991 3296 Exc.
2015 3248 2232 3297 Geva'rt.
2276 3250 2504 3310 magnino
2526 3250 2729 3301 Thoan.

1530 3368 1744 3418 NOTAE

433 3458 437 3463 ’
538 3467 545 3473 “
598 3466 696 3511 348
728 3462 881 3525 Signa
904 3465 1101 3528 canunt]
1158 3466 1304 3515 Dant
1340 3464 1486 3529 signa
1523 3466 1590 3514 ad
1671 3464 1809 3512 viros
1834 3464 2098 3527 principes
2121 3462 2232 3513 aliis
2271 3464 2616 3527 proceriores,
2657 3462 2726 3513 ob

533 3551 757 3601 pugnam
790 3538 1198 3602 suscipiendam:
1235 3550 1290 3591 et
1330 3540 1384 3588 id
1421 3543 1591 3605 desig·
1670 3540 1972 3603 sapientiam
1997 3548 2052 3589 et
2076 3540 2340 3589 virtutem.

531 3620 625 3663 nat
646 3614 914 3663 stilichoni
938 3614 1165 3664 Martem
1192 3628 1399 3679 semper
1419 3616 1591 3663 haesis-
1736 3617 1851 3665 Stat
1872 3616 2038 3678 cussis]
2079 3616 2244 3665 Galea
2283 3621 2406 3676 stat,
2445 3616 2731 3680 haeretque,

530 3702 587 3737 se
626 3689 891 3749 comite-3
939 3690 1159 3754 ideoque
1199 3706 1301 3740 non
1332 3690 1590 3753 interrup-
1671 3692 1818 3753 quasi
1839 3692 1950 3753 ipsa
1971 3691 2248 3739 minitans:
2271 3692 2475 3751 hirsuta,
2497 3706 2614 3739 nam
2637 3706 2727 3739 an-

532 3770 643 3813 tum
660 3762 817 3812 fuisse
837 3764 998 3825 ipsius
1017 3766 1345 3814 victoriarum
1364 3780 1587 3815 cursum.
1671 3766 1802 3829 tiqui
1823 3769 1996 3828 galeas
2019 3767 2238 3829 pellibus
2273 3768 2480 3816 hirsutis
2515 3766 2582 3814 ad
2623 3774 2725 3815 ter·

596 3843 693 3889 349
728 3840 902 3901 Campo
926 3840 1132 3903 insiluit]
1179 3840 1323 3889 Mars
1362 3840 1411 3888 in
1452 3854 1588 3887 cam-
1671 3855 1837 3891 rorem
1861 3842 2143 3891 armabant.

530 3928 657 3977 pum
680 3913 896 3974 insiluit,
918 3915 969 3961 iu
994 3929 1220 3976 arenam,
1250 3916 1301 3962 in
1326 3929 1523 3977 aequor.
1733 3920 1828 3966 352
1877 3918 2112 3983 Sidereis]
2175 3918 2359 3967 Cristis
2398 3917 2724 3981 ardentibus,

595 3992 688 4037 ³51
717 3988 867 4051 Male]
894 3990 1253 4051 magnitudine
1278 4003 1428 4051 pares
1444 3990 1586 4037 Mars
1669 3992 1828 4040 instar
1849 3993 2046 4043 sideris.

530 4070 585 4111 et
612 4062 845 4123 stilicho,
880 4065 1025 4127 quasi
1061 4063 1142 4111 hic
1166 4063 1358 4112 habeat
1393 4062 1587 4126 aliquid
1617 4072 1622 4080 ‘
1735 4068 1886 4116 Cursu
1906 4070 2100 4133 oestwt]
2135 4069 2329 4117 Fervet
2371 4068 2438 4118 ob
2483 4067 2721 4131 agitatio-

528 4138 831 4187 divinitatis.
915 4140 1057 4187 Deos
1114 4140 1312 4203 antiqui
1364 4140 1585 4187 humana
1666 4156 1782 4191 nem
1801 4159 1994 4194 cursus.
2272 4143 2279 4148 ’

529 4212 706 4276 specie
749 4212 966 4275 majores
1012 4214 1356 4274 exhibebant3
1410 4216 1487 4263 ita
1529 4220 1585 4267 et
1730 4220 1824 4266 353
1860 4218 2078 4267 Satiatur
2097 4205 2287 4268 uulnere
2305 4218 2496 4281 cornus]
2551 4216 2720 4267 Hasta
