3184 4967
1094 332 1178 381 nc
1223 332 1340 383 on.
1385 333 1924 389 CLAUDIANUM.
2516 319 2609 395 19

409 482 518 543 est
569 476 844 562 aliquid,
899 476 1088 561 quod
1135 481 1385 545 mixtas
1443 480 1717 549 virtutes
1769 482 1971 549 habet
2026 492 2099 549 et
2148 486 2497 551 rhetorices
2538 488 2606 553 et

410 578 728 661 poeseoS,
759 580 1114 662 locumque
1143 581 1402 644 obtinet
1444 582 1615 646 inter
1644 585 2009 649 orationem
2054 591 2254 669 atque
2290 596 2601 669 carmen3

411 679 608 761 eujus
636 680 801 742 ratio
827 679 1110 761 hybrida
1135 699 1216 743 eo
1246 686 1545 763 tempore
1573 688 1829 747 tantum
1856 693 2124 769 poterat
2154 686 2439 769 placere,
2468 708 2603 771 quo

411 798 638 843 sensus
667 778 928 861 pulchri
957 780 1332 861 exquisitus
1363 787 1434 845 et
1460 801 1787 863 perversae
1838 787 2341 867 magnificentiae
2384 788 2607 853 studio

411 886 481 943 et
503 881 948 961 exaggerandi
971 881 1278 945 audaciae
1305 882 1528 947 cessit.
1572 884 1935 949 Probabile
1962 905 2232 970 quoque
2256 894 2379 964 est,
2402 887 2609 953 Clau·

409 980 684 1044 dianum
706 1000 839 1044 non
861 983 1063 1045 animi
1085 982 1420 1047 voluntate
1447 987 1512 1047 et
1523 984 1785 1067 judicio
1805 987 1977 1050 hanc
2003 988 2281 1051 formam
2300 988 2607 1073 elegisse,

411 1081 532 1144 sed
553 1081 1029 1145 consuetudine
1059 1088 1126 1145 et
1151 1101 1334 1145 more
1365 1084 1568 1147 semel
1596 1092 1863 1167 recepto
1908 1087 1997 1149 ad
2032 1088 2212 1151 illam
2248 1105 2395 1151 esse
2424 1086 2608 1152 dela·

409 1186 574 1247 tum.
649 1181 832 1245 Inter
857 1200 1085 1245 omnes
1115 1181 1374 1264 poetaS,
1407 1186 1524 1265 qui
1554 1184 1871 1249 laudandi
1899 1193 2123 1269 partes
2154 1194 2605 1271 susceperunt,

411 1282 700 1367 primum
730 1302 892 1345 sane
929 1283 1150 1349 locum
1179 1285 1434 1350 obtinet
1471 1285 1823 1366 Horatius3
1852 1305 2061 1370 neque
2088 1286 2223 1352 sere
2254 1290 2605 1371 quisquam

413 1391 537 1461 est,
567 1385 682 1467 qui
729 1386 988 1468 majore
1028 1406 1178 1451 cum
1211 1388 1520 1469 dignitate
1549 1388 1730 1451 illam
1746 1390 2165 1471 provinciam
2198 1390 2604 1457 sustinuerit.

413 1484 548 1549 Sed
574 1488 886 1565 rationeS,
917 1489 1156 1570 quibus
1183 1507 1350 1551 usus
1387 1493 1490 1551 est
1535 1488 1803 1568 ingenio
1830 1489 2249 1553 limatissimo
2280 1495 2349 1551 et
2366 1490 2607 1571 judicii

413 1605 776 1670 sensusque
821 1590 1186 1663 subtilitate
1225 1609 1314 1653 ex
1363 1589 1841 1653 consuetudine
1878 1590 2165 1653 virorum
2191 1590 2607 1670 elegantissi-

411 1706 667 1755 morum
723 1694 1068 1754 contracta
1121 1690 1556 1771 dignissimis,
1608 1689 1789 1753 haud
1832 1691 1974 1754 scio
2020 1708 2104 1753 an
2150 1690 2356 1773 lyrico
2386 1692 2609 1772 generi

385 1788 552 1853 -sint
577 1792 891 1873 propriae,
935 1796 1132 1874 atque
1170 1791 1580 1872 temporibus
1628 1796 1695 1854 et
1741 1791 2081 1867 institua&
2128 1792 2363 1873 quibus
2409 1790 2607 1857 Clau·

414 1889 608 1955 diano
637 1890 1104 1971 indulgendum
1129 1891 1275 1968 fuit,
1307 1891 1755 1955 alienissimae.
1828 1890 2096 1970 Quotus
2126 1893 2301 1955 enim
2326 1892 2607 1975 quisque

412 1994 568 2056 tuno
596 1991 716 2055 illa
740 1991 1205 2068 blandimenta,
1238 1991 1326 2055 ad
1364 2010 1518 2073 quae
1565 1991 2001 2073 percipienda
2038 1997 2106 2054 et
2146 1998 2374 2056 teretes
2416 2011 2608 2081 aures

411 2096 483 2155 et
533 2110 768 2156 sensus
813 2092 990 2155 omni
1039 2092 1445 2156 humanitate
1485 2094 1759 2175 expoliti
1802 2093 2313 2177 requirebantur,
2349 2097 2609 2175 poterat

411 2192 792 2273 intelligere,
834 2194 1366 2276 quotusquisque
1419 2194 1548 2257 sibi
1590 2194 2011 2276 persuadere,
2058 2194 2307 2275 saepius
2351 2195 2420 2255 in
2476 2212 2608 2257 una

415 2295 753 2371 sententia,
777 2296 844 2357 in
870 2296 1095 2371 unico,
1121 2314 1332 2377 prope
1361 2295 1669 2372 dixerim,
1686 2296 1910 2373 verbO,
1936 2296 2255 2379 majorem
2285 2294 2607 2359 laudandi

414 2393 552 2458 vim
577 2395 823 2471 inesse,
855 2416 1056 2478 quam
1087 2398 1155 2459 in
1185 2396 1482 2462 oratione
1521 2398 1927 2483 panegyrica
1968 2396 2071 2460 vel
2110 2396 2603 2461 verbosissima.

415 2494 695 2563 Etiamsi
721 2498 914 2578 igitur
938 2496 1370 2576 Claudianus,
1402 2499 1462 2561 si
1485 2518 1635 2563 eum
1660 2500 1744 2562 ad
1774 2500 1913 2575 illa,
1941 2517 2092 2580 quae
2122 2516 2227 2561 ars
2252 2496 2605 2575 desiderat,

412 2614 709 2673 revoces,
737 2599 960 2662 minus
999 2600 1262 2681 probari
1299 2600 1553 2681 possit3
1599 2606 1821 2662 tamen
1849 2598 2199 2661 excusatio
2227 2596 2327 2659 illi
2355 2601 2458 2660 est
2484 2616 2605 2678 pa-

410 2702 572 2773 rata,
605 2698 666 2761 si
695 2717 942 2761 morem
974 2704 1040 2761 et
1073 2698 1640 2774 consuetudinem,
1680 2700 1791 2759 cui
1832 2704 1973 2761 erat
2012 2695 2351 2771 litandum,
2381 2714 2605 2759 aures-

410 2816 544 2879 que
581 2799 858 2864 obtusas
897 2804 964 2862 et
1001 2805 1380 2881 corruptum
1409 2799 1631 2863 aetatis
1660 2800 1803 2882 ejus
1822 2797 2167 2881 judicium,
2196 2796 2439 2879 quibus
2466 2802 2608 2861 erat

405 2898 834 2977 placendum,
873 2901 1060 2982 apud
1089 2902 1381 2965 animum
1407 2905 1698 2982 reputes.
1784 2897 2289 2980 Progrediamur
2322 2896 2413 2961 ad
2444 2896 2607 2961 illud

327 3038 339 3049 ·
411 2999 778 3063 carminum
805 3020 1027 3081 genuS,
1053 3000 1233 3083 quod
1262 3000 1558 3063 secundo
1587 3000 1740 3062 loco
1766 2999 2135 3082 posuimus·

417 3136 422 3144 ·
503 3100 739 3182 Hujus
785 3102 1042 3181 generis
1085 3101 1256 3164 ratio
1289 3099 1532 3165 eadem
1561 3105 1666 3161 est
1717 3118 1869 3161 cum
1914 3098 2153 3181 priori,
2187 3098 2459 3162 materia
2504 3097 2604 3161 di-

407 3220 631 3269 versa.
677 3202 764 3265 In
791 3201 909 3265 illo
939 3201 1282 3278 laudandi,
1307 3201 1378 3263 in
1403 3200 1535 3263 hoc
1567 3200 1984 3282 vituperandi
2015 3205 2237 3281 partes
2272 3201 2600 3279 sustinet3

409 3310 642 3386 atque,
677 3303 738 3367 si
765 3308 1122 3385 utrumque
1151 3321 1533 3384 compares,
1565 3300 1867 3363 invenias
1900 3300 2087 3363 illum
2118 3300 2272 3381 plus
2304 3299 2601 3364 valuisse

409 3405 488 3475 in
512 3404 644 3468 boc
673 3422 880 3485 quam
912 3404 980 3465 in
1009 3403 1158 3467 illo.
1249 3397 1524 3467 Scilicet
1551 3402 1619 3464 in
1650 3400 1963 3464 hostibus
1992 3400 2284 3477 Honorii
2328 3406 2396 3463 et
2420 3400 2605 3463 Stili-

417 3503 646 3567 chonis
683 3502 1040 3579 laedendiS,
1091 3502 1415 3585 quicquid
1445 3502 1518 3564 in
1547 3518 1697 3566 eum
1726 3501 1921 3564 finem
1964 3500 2127 3563 utile
2176 3506 2471 3582 putaret,
2516 3519 2601 3563 eo

404 3611 678 3689 ,poterat
705 3606 978 3687 impune
1007 3605 1132 3679 uti,
1157 3622 1307 3665 cum
1341 3603 1566 3675 sciret,
1597 3586 1683 3663 ne
1729 3604 2023 3663 monstra
2052 3599 2321 3679 quidem
2348 3596 2605 3665 inferna

405 3726 789 3789 quenquam
819 3723 972 3767 esse
1000 3699 1378 3783 offensura3
1428 3699 1832 3775 nammalos
1878 3699 2104 3780 genios
2134 3717 2309 3775 esse,
2342 3686 2601 3782 eosque

408 3826 496 3874 se
524 3808 722 3871 rebus
752 3807 1060 3876 humanis
1085 3806 1463 3869 immiscere
1487 3802 1939 3883 mortalesque
1960 3802 2028 3863 in
2048 3799 2349 3863 fraudem
2380 3818 2601 3881 agere,

407 3908 530 3971 vel
559 3906 952 3973 Christianae
985 3906 1145 3969 fidei
1173 3906 1566 3970 doctoribus
1593 3912 1751 3968 tunc
1774 3907 1919 3967 erat
1942 3920 2366 3987 persuasum.
2455 3901 2604 3965 Eti-

411 4026 528 4077 am
548 4006 842 4089 fingendi
871 4017 944 4073 et
963 4007 1515 4075 comminiscendi
1545 4023 1832 4088 quaeque
1863 4004 2074 4079 libera
2102 4010 2246 4067 erat
2273 4008 2611 4087 potestas..

417 4109 503 4175 In
531 4109 742 4193 priori
769 4130 1026 4193 genere,
1045 4109 1135 4174 ad
1161 4128 1411 4173 meram
1439 4108 1952 4173 ostentationem
1982 4112 2397 4189 comparato,
2418 4105 2605 4171 nulla
