3184 4967
650 372 767 420 cr..
812 371 1088 420 chaun.
1128 371 1229 419 w.
1277 371 1357 419 nc
1407 372 1670 421 numu.
1720 372 1866 422 nm.
1901 373 1986 421 11.
2034 373 2369 422 ramur.
2458 356 2590 427 m

390 513 603 583 Nulla
629 534 749 597 per
777 512 1034 578 Aonios
1062 514 1323 579 hostilis
1349 518 1642 582 buccina
1667 534 1950 599 campos

479 614 793 679 Carmina
822 616 1080 697 mugitu
1109 616 1431 681 deteriore
1459 623 1662 681 vetat.

390 713 501 781 Tu
528 735 817 799 quoque,
846 717 1094 781 securis
1122 718 1317 801 pulsa
1344 718 1690 783 formidine
1721 718 2028 801 Delphis,
2549 718 2596 785 ⁵

481 816 799 880 Floribus
829 818 1137 893 ultorem,
1169 818 1390 891 Delie,
1420 820 1610 901 cinge
1641 823 1856 883 tuum.

395 914 640 979 Nullus
671 915 1005 982 Castalios
1032 918 1291 995 laticeS‚
1318 925 1385 983 et
1414 920 1704 1001 praescia
1727 918 1852 981 fati

430 1063 437 1069 -
480 1016 790 1081 Flumina
818 1019 1071 1100 polluto
1112 1016 1447 1107 Barbarus
1476 1038 1589 1081 ore
1620 1019 1812 1083 bibit.

394 1114 697 1200 Alpheus
726 1122 857 1183 late
890 1120 1129 1195 rubuit,
1160 1119 1589 1201 Siculumque
1614 1139 1738 1201 per
1769 1140 2000 1202 aequor

482 1219 899 1301 Sanguineas
930 1220 1085 1283 belli
1114 1219 1330 1283 retulit
1356 1218 1533 1283 unda
1558 1226 1781 1284 notas,
2513 1218 2598 1283 10

394 1318 817 1403 Agnovitque
854 1340 1067 1384 novos
1110 1322 1351 1383 absens
1381 1318 1717 1385 Arethusa
1761 1322 2178 1405 triumphos3

484 1420 571 1483 Et
599 1420 909 1485 Geticam
940 1422 1165 1497 sensit,
1194 1426 1367 1485 teste
1397 1440 1656 1497 cruore,
1687 1442 1944 1487 necem.

398 1519 769 1597 ImmensiS,
804 1522 1143 1598 Stilichon,
1182 1522 1547 1585 succedant
1576 1523 1720 1586 otia
1751 1525 1947 1601 curiS,

484 1620 570 1684 Et
594 1627 843 1685 nostrae
873 1622 1142 1706 patiens
1178 1622 1381 1686 corda
1408 1624 1665 1687 remitte
1692 1624 1879 1709 lyrae.

396 1753 531 1803 hune
559 1752 885 1805 Heliconem.
944 1754 1075 1805 Tubu
1097 1746 1225 1805 nullo
1243 1756 1434 1803 inimico
1460 1756 1686 1819 prohibet·
1696 1758 1914 1819 clangore
1935 1758 2130 1807 sinistro
2159 1770 2319 1807 enm
2343 1772 2432 1821 per
2461 1770 2604 1819 agne

396 1818 589 1868 Aonios.
659 1818 907 1880 heliam,
928 1834 959 1869 o
988 1821 1175 1883 Apollo,
1194 1820 1392 1882 Delphis
1413 1821 1547 1881 tretis,
1566 1821 1734 1869 timore
1752 1821 1930 1883 fugato
1951 1836 2128 1871 exorna
2147 1824 2288 1871 sertis
2307 1822 2604 1871 liberatorem

396 1886 527 1931 taum
548 1882 897 1947 Stilichonem.
968 1885 1115 1933 Nemo
1136 1883 1363 1933 barbam
1380 1898 1459 1932 ore
1478 1883 1680 1945 prosam
1703 1891 1836 1947 potat
1867 1886 2070 1949 liquores
2095 1886 2348 1945 Castalios,
2379 1891 2425 1933 et
2459 1898 2604 1948 aquas

395 1944 679 2008 inspirantes
699 1946 893 2005 futura.
959 1947 1166 2009 Alpheus
1186 1950 1388 2010 undique
1406 1948 1583 1997 tinctus
1601 1953 1691 2008 est,
1714 1955 1763 1998 et
1783 1965 1904 2011 aqua
1937 1964 2024 2011 per
2043 1964 2172 1999 mare
2193 1950 2376 1998 Sicilire
2397 1950 2602 1997 ostendit

395 2010 535 2070 signa
557 2013 915 2071 sanguinolenta
932 2011 1119 2073 praelii:
1148 2017 1291 2075 atque
1332 2012 1570 2063 Arethusa
1602 2018 1780 2063 renota
1817 2014 2035 2074 cognovit
2067 2014 2286 2063 sitem-iu
2306 2019 2530 2072 recentes,
2547 2016 2602 2061 et

396 2088 459 2121 ex
480 2070 744 2123 'testimonio
764 2074 1009 2136 sanguinis
1029 2075 1359 2124 animadvertit
1380 2076 1557 2123 cladem
1590 2076 1841 2127 Getarum.
1909 2077 1958 2125 Ο
1983 2076 2202 2138 Stilicho,
2223 2078 2353 2140 quies
2383 2082 2604 2139 sequatur

1326 2206 1353 2225 0
1360 2209 1381 2230 Ι
1386 2205 1561 2229 ΟΟΟΟΟΙ
1566 2206 1590 2226 0
1595 2204 1686 2227 060

393 2278 655 2341 premissis
700 2279 845 2329 Rott.
890 2280 1123 2331 Florent.
1166 2282 1309 2331 Med.
1356 2298 1463 2335 sec.
1508 2284 1678 2335 Coliu.
1743 2283 1984 2346 permistis
2023 2284 2144 2333 Pat.
2189 2283 2368 2333 Ceteri
2428 2296 2605 2331 omnes

400 2343 625 2395 melioris
672 2353 831 2403 notae,
869 2346 997 2395 Exc.
1044 2347 1261 2397 Lucens.
1307 2345 1427 2395 Ald.
1462 2346 1545 2397 ed.
1570 2348 1744 2397 Parm.
1783 2356 1840 2397 et
1863 2349 2034 2397 Vicet.
2065 2348 2324 2409 perminis.
2362 2347 2604 2397 Heinsius

374 2422 496 2475 ‚pro
520 2409 629 2457 licet
662 2408 790 2471 legit
811 2409 939 2458 libet.
964 2409 1117 2457 choris
1139 2410 1221 2459 vel
1256 2411 1379 2460 rotis
1410 2412 1531 2459 Vat.
1554 2426 1633 2473 pr.
1667 2413 1817 2461 choris
1840 2412 1920 2459 vel
1954 2416 2098 2461 comis
2117 2412 2444 2461 Floram—4
2478 2416 2606 2459 vetat

398 2472 482 2519 vel
526 2476 665 2519 canat
706 2472 828 2521 Vat.
856 2480 1030 2535 pr.-—5
1073 2474 1135 2521 Te
1158 2488 1330 2537 quoque
1376 2474 1668 2523 Menan—6
1727 2476 1866 2523 Delio
1907 2474 2022 2525 Pal.
2057 2476 2177 2525 Dele
2237 2474 2426 2537 rec-inge
2473 2474 2606 2523 Exe.

403 2536 621 2584 Lucens.
664 2540 864 2585 sem—7
888 2536 1016 2596 sacti
1056 2536 1141 2585 ed.
1184 2536 1457 2587 Parm.—8
1492 2538 1624 2586 bibat
1643 2538 1805 2587 Oisel.
1845 2538 2038 2589 Moret.
2071 2540 2268 2587 Thoan.
2308 2540 2447 2586 Prie.
2488 2539 2606 2587 bibit

402 2599 533 2647 Exc.
560 2600 777 2647 Lucens.
804 2614 881 2661 pr.
906 2601 1029 2653 bibet
1049 2601 1230 2664 reliqui
1256 2616 1438 2663 magno
1462 2617 1697 2662 numero,
1721 2604 1848 2650 Exc.
1875 2604 2091 2651 Gevart.
2125 2604 2348 2650 Lucens.
2386 2616 2488 2649 sec.
2525 2603 2607 2651 ed.

403 2664 579 2711 Parm.
624 2670 680 2711 et
702 2665 1007 2713 vicen—10
1041 2679 1118 2712 ore
1158 2665 1239 2711 vel
1281 2668 1407 2713 anda
1450 2667 1707 2713 Put.--ll
1744 2666 2056 2726 Adrum-itque
2099 2665 2247 2713 Rott.
2289 2664 2607 2727 Agnoscimus

402 2726 520 2774 Pal.
570 2726 717 2775 Med.
753 2732 961 2789 pre—12
996 2728 1065 2775 Et
1091 2728 1309 2776 Geticam
1348 2734 1453 2776 vet.
1476 2730 1607 2791 Gyr.
1632 2730 1755 2777 Vnt.
1778 2729 1894 2777 ‘Lim
1929 2728 2160 2776 Florent.
2185 2727 2290 2775 duo
2313 2728 2456 2777 Med.
2479 2744 2608 2779 unus
2677 2754 2686 2766 ν

405 2790 591 2838 Heius.
618 2790 745 2839 Exc.
772 2792 1041 2855 utriusque
1066 2792 1288 2841 Lucens.
1312 2792 1532 2841 Gildonis
1563 2792 1665 2840 duo
1691 2792 1860 2839 Oxou.
1883 2791 1986 2841 duo
2009 2791 2192 2839 Heius.
2219 2791 2435 2840 totidem
2463 2791 2608 2841 Med.

402 2862 459 2901 et
497 2855 617 2902 Vat.
642 2854 793 2903 Farn.
836 2856 984 2904 Rott.
1027 2854 1169 2905 Prie.
1202 2854 1373 2903 Vieet.
1415 2856 1603 2919 Isingr.
1673 2858 1742 2903 Et
1767 2856 1986 2903 Getieum
2009 2856 2090 2903 vel
2115 2855 2336 2903 Gildonis
2363 2856 2487 2904 Vat.
2528 2870 2610 2919 pr.

400 2917 544 2965 Prie.
564 2918 616 2965 in
634 2918 715 2965 ed.
733 2916 892 2966 Antv.
909 2918 1083 2967 Plant.
1103 2918 1345 2967 Heinsius
1364 2922 1638 2974 notaverat
1655 2918 1799 2984 seqq.
1816 2921 1831 2946 ‘
1847 2920 2004 2968 Gildo
2023 2918 2332 2967 interfectus
2352 2920 2404 2967 in
2417 2919 2609 2969 Sicilia.

404 2980 617 3043 Gyrald.
634 2982 800 3031 locum
818 2982 953 3032 male
971 2982 1268 3032 intellexit.’
1282 2986 1427 3031 sentit
1441 2979 1774 3033 'rimam—13
1791 2982 1989 3032 Stilicho
2005 2984 2127 3032 Vat.
2145 2998 2220 3047 pr.
2236 2986 2478 3033 succedent
2489 2982 2608 3033 Pal.

1392 3104 1444 3153 N
1450 3104 1613 3153 01*AE

469 3200 499 3245 3
533 3196 733 3259 Aonios]
768 3194 933 3246 Aonia
957 3213 1076 3262 pars
1122 3204 1205 3248 est
1227 3206 1468 3248 montana
1613 3198 2178 3261 Proesct'asatiflamt'na]
2201 3201 2332 3251 Quae
2355 3198 2620 3262 inspirant

404 3271 648 3333 Boeotiae,
669 3272 835 3320 Musis
852 3288 1013 3322 saera.
1548 3273 1734 3333 fatum,
1758 3288 1848 3325 seu
1871 3273 2164 3323 futurorum
2187 3275 2425 3324 notitiam
2445 3291 2457 3323 ε
2492 3288 2612 3325 nam

471 3346 619 3395 Nullo
656 3346 847 3395 baccina
884 3348 1094 3397 carmina
1128 3348 1284 3411 vetat]
1352 3348 1471 3398 Hoc
1550 3354 1566 3378 ‘
1588 3348 1793 3399 fatidici
1815 3356 1960 3399 vates
1980 3350 2012 3399 :'
2050 3349 2323 3400 Ausonius.

404 3426 506 3481 est,
528 3422 722 3469 nullum
745 3422 936 3471 bellum
962 3432 1114 3473 vexat
1136 3425 1330 3475 doctos.
1615 3430 1649 3474 9
1681 3426 1914 3491 Alpheus]
1947 3426 2156 3475 Fluvius
2189 3424 2354 3475 Elidis
2389 3424 2442 3473 in
2467 3424 2614 3474 Grae·

471 3503 499 3545 ⁵
520 3496 741 3559 Delphi-⁹]
762 3496 897 3546 Urbs
924 3498 1032 3547 haec
1050 3506 1131 3547 est
1153 3499 1219 3547 ad
1242 3498 1471 3547 radicem
1551 3504 1651 3565 cia,
1688 3504 1780 3555 sed
1806 3506 1892 3569 qui
1917 3519 2012 3569 per
2036 3512 2266 3553 secretos
2287 3505 2444 3555 maris
2477 3518 2615 3553 mea-

406 3572 670 3633 Parnassi,
702 3572 952 3636 Apollinis
976 3578 1183 3625 oraculo
1206 3577 1442 3625 celebris.
1552 3585 1635 3627 tus
1661 3582 1897 3641 pervenit
1918 3578 1982 3627 ad
2007 3578 2204 3628 fontem
2222 3579 2534 3629 Arethusam
2559 3578 2614 3629 in

470 3652 503 3697 6
544 3650 781 3711 Ultorem]
814 3650 1165 3701 Stilichonem.
1549 3653 1743 3723 Sicilia.
1787 3654 1941 3703 Unde
1963 3654 2234 3718 utriusque
2257 3665 2457 3703 amores
2479 3655 2614 3705 cele-

473 3724 641 3788 Delie]
674 3723 862 3787 Apollo
894 3726 1079 3776 Delius
1116 3729 1409 3789 appellatur
1444 3742 1474 3775 a
1550 3728 1769 3777 brantur
1791 3729 2040 3778 aPoetis.

411 3800 555 3850 Delo
578 3801 732 3849 maris
749 3800 915 3863 AEgaei
937 3802 1121 3861 insula,
1136 3802 1187 3850 in
1206 3816 1306 3866 qua
1326 3807 1479 3851 natus
1496 3788 1515 3805 “
1621 3808 1681 3852 11
1717 3804 1900 3853 Absens
1920 3802 2180 3865 Arethusa]
2217 3802 2345 3853 Haec
2369 3804 2482 3855 Dea
2503 3802 2616 3855 fon-

413 3884 507 3925 est.
1557 3880 1626 3927 tis
1657 3880 1972 3942 cognominis
2012 3881 2251 3942 cognovit
2289 3880 2503 3929 absente
2543 3896 2618 3945 se,

472 3956 505 4001 7
540 3952 799 4014 Castalios]
848 3953 1106 4001 Castalius
1148 3954 1263 4003 fons
1285 3960 1369 4005 est
1408 3955 1475 4003 ad
1556 3962 1611 4005 et
1659 3955 1830 4005 forsan
1875 3956 2130 4019 Alpheum
2168 3964 2447 4005 amatorem
2491 3956 2618 4006 invi-

410 4028 639 4077 radicem
665 4029 932 4090 Parnassi,
956 4029 1119 4078 Musis
1148 4044 1311 4079 sacer.
1379 4031 1475 4079 Di·
1555 4039 1720 4093 sente,
1758 4033 1941 4081 relatas
1965 4046 2078 4083 esse
2100 4048 2128 4079 a
2150 4032 2433 4080 Stilichone
2457 4046 2616 4085 novas

408 4103 545 4155 dtur
580 4119 613 4154 a
634 4104 882 4162 Castalia,
918 4119 1035 4167 quae
1065 4103 1359 4169 Apollinem
1395 4106 1475 4156 fu·
1554 4110 1801 4157 victorias
1824 4109 1890 4156 de
1913 4108 2084 4168 Getis,
2117 4108 2166 4154 in
2193 4108 2419 4171 Graecia,
2453 4109 2611 4173 idque

408 4180 573 4245 giem,
592 4180 647 4231 in
661 4180 807 4231 hunc
828 4177 1027 4231 fontem
1048 4192 1301 4231 conversa
1322 4188 1422 4233 est.
1544 4184 1804 4247 judicavit
1823 4198 1888 4234 ex
1909 4190 2082 4247 strage
2105 4191 2160 4233 et
2180 4180 2296 4233 fuso
2320 4186 2586 4250 sanguine.
