3184 4967
1079 333 1178 380 ιΝ
1209 333 1326 382 cn.
1375 335 1915 386 anumANuu.
2510 323 2601 393 81

401 499 532 564 que
561 481 942 552 sanxerunt,
967 477 1356 561 plerumque
1385 485 1536 542 sunt
1567 479 1923 560 ejusmodi,
1967 483 2043 543 ut
2090 481 2305 563 ipsius
2344 485 2601 548 natura>

405 583 680 656 dictata,
712 599 754 641 a
783 580 1026 660 quibus
1055 597 1182 641 non
1231 583 1322 644 sit
1367 581 1827 656 recedendum,
1856 583 2223 646 existimari
2278 583 2603 666 debeant3

406 681 817 766 quorundam
876 691 1100 744 autem
1147 685 1317 746 ratio
1385 702 1465 744 ea
1531 690 1657 759 est,
1717 691 1793 748 ut
1850 685 2045 748 certis
2099 691 2349 748 tantum
2404 687 2602 750 rebus

406 784 682 846 astricta
746 802 1092 865 perperam
1164 783 1250 845 ad
1322 784 1548 846 omnia
1614 804 2054 867 quaecumque
2111 785 2603 850 transferantur.

411 882 982 961 Quemadmodum
1013 903 1210 947 nemo
1235 885 1526 965 negabit,
1557 893 1809 948 veteres
1834 887 1899 948 in
1924 885 2197 967 pulchro
2228 892 2294 949 et
2320 891 2605 950 venusto

407 984 838 1068 dijudicando
865 986 1020 1067 plus
1052 985 1302 1048 vidisse
1331 993 1402 1047 et
1429 987 1715 1049 sensisse
1766 986 2031 1048 acutius
2076 1005 2279 1068 quam
2307 1005 2453 1063 noS,
2482 987 2609 1070 qni

407 1104 452 1158 a
477 1091 729 1150 naturae
777 1085 1199 1168 simplicitate
1246 1086 1636 1150 remotiores
1682 1087 2021 1170 variisque
2070 1089 2499 1169 opinionibus
2540 1091 2612 1158 et

406 1187 750 1263 institutiS,
781 1205 988 1268 pravo
1025 1207 1206 1250 more
1233 1189 1548 1270 receptis,
1581 1189 1875 1270 corrupti
1904 1208 2135 1252 sumus
2160 1209 2178 1268 3
2242 1190 2341 1252 sic
2372 1187 2611 1252 stolide

411 1287 874 1369 antiquitatem
903 1289 1288 1368 admirantis
1317 1295 1438 1368 est,
1469 1291 1793 1366 arbitrari,
1824 1295 2077 1352 veteres
2106 1308 2367 1354 omnem
2396 1307 2611 1358 rerum

411 1393 712 1452 naturam
746 1387 1168 1466 exhausisse,
1202 1391 1530 1472 novisque
1561 1390 1955 1454 commentis
1984 1389 2231 1452 nullum
2256 1390 2481 1452 locum
2508 1405 2613 1452 re·

412 1489 724 1571 liquisse.
843 1489 1021 1554 Haec
1089 1489 1416 1554 sufficiant
1473 1490 1559 1554 ad
1614 1491 1924 1554 carminis
1990 1489 2163 1572 epici
2218 1490 2617 1571 prooemium

417 1597 650 1654 contra
700 1611 820 1676 eos
873 1590 1376 1670 defendendum,
1427 1593 1568 1675 qui,
1618 1597 1693 1656 ut
1736 1591 1962 1673 frigidi
2013 1591 2439 1672 grammatici,
2488 1609 2619 1659 non

415 1673 784 1766 rationibus
854 1699 1174 1774 pugnant,
1231 1691 1347 1756 sed
1401 1694 1759 1775 praeceptis
1800 1697 2059 1762 tantum
2102 1693 2417 1768 nituntur,
2460 1709 2613 1775 quae

419 1793 604 1908 apud
631 1799 890 1857 veteres
917 1795 1238 1873 legerunt.
1301 1791 1492 1856 Cum
1515 1797 1733 1856 autem
1756 1811 1874 1874 per
1900 1811 1972 1855 se
2000 1792 2417 1874 intelligatur,
2439 1793 2617 1876 prin·

423 1893 674 1978 cipium
697 1895 1043 1970 carminiS,
1065 1894 1184 1958 illa
1210 1895 1466 1958 ratione
1494 1895 1939 1970 constitutum,
1972 1911 2347 1976 quanquam
2386 1899 2623 1960 natura

423 2013 550 2066 sua
576 1995 858 2078 lyricum
887 1996 998 2072 sit,
1029 1995 1442 2078 lyricumque
1473 1993 1741 2058 dicendi
1768 2012 1974 2076 genus
2004 1993 2321 2077 postulet,
2366 2013 2495 2062 non
2508 1996 2623 2064 -ita

422 2101 648 2162 tamen
677 2101 1143 2178 comparatum
1186 2113 1332 2158 esse
1361 2095 1622 2170 debere,
1666 2101 1741 2157 ut
1780 2114 1823 2158 a
1867 2095 2117 2177 reliquo
2146 2113 2446 2177 corpore,
2476 2099 2626 2160 tan-

427 2213 632 2278 quam
658 2214 920 2278 pannus
947 2198 1190 2260 inscite
1217 2201 1512 2273 assutuS,
1559 2195 1903 2273 dissideat,
1935 2195 2056 2259 sed
2082 2196 2433 2262 transitum
2458 2195 2625 2260 mol-

425 2295 562 2368 lem
609 2301 808 2380 atque
857 2295 1124 2362 facilem
1167 2297 1428 2384 habere,
1457 2301 1535 2360 ut
1572 2296 1771 2378 quasi
1816 2297 2163 2378 genuinum
2190 2296 2391 2361 totius
2419 2315 2625 2362 mem-

427 2397 628 2466 brum
670 2396 1012 2476 videatur;
1075 2395 1482 2462 Claudianus
1507 2400 1580 2461 in
1606 2397 1735 2460 hoc
1762 2397 1977 2462 minus
2004 2395 2313 2460 ferendus
2334 2403 2454 2475 est,
2486 2398 2625 2480 qui,

429 2502 512 2564 ut
541 2497 696 2584 alia,
727 2517 882 2581 quae
913 2499 997 2560 ad
1023 2498 1332 2562 dictionis
1359 2517 1562 2580 genus
1589 2497 1931 2580 pertinent,
1960 2497 2287 2574 omittam,
2314 2516 2447 2560 non
2474 2515 2629 2579 pro-

431 2597 678 2675 banda,
707 2600 884 2663 clivo
911 2601 1093 2664 molli
1125 2618 1253 2664 seu
1295 2619 1416 2682 per
1463 2598 1708 2683 gradus
1734 2597 2255 2674 noudescendit,
2280 2597 2404 2666 sed
2432 2597 2629 2678 plane

436 2697 528 2760 ab
561 2698 692 2762 alto
720 2699 792 2761 in
819 2700 1053 2775 lutum,
1103 2705 1179 2762 ut
1221 2701 1431 2775 aiunt,
1475 2717 1550 2762 se
1598 2697 2005 2780 praecipitat,
2108 2695 2281 2774 Quis
2326 2697 2499 2776 enim
2542 2715 2633 2762 ex

434 2797 567 2862 hoc
615 2799 944 2882 principio
985 2799 1364 2884 hujusmodi
1403 2800 1801 2865 narrationis
1846 2800 2103 2872 initium
2147 2797 2225 2882 (v
2239 2846 2255 2862 .
2285 2795 2449 2880 32),
2496 2817 2633 2880 quo

439 2917 604 2970 anus
630 2902 962 2984 auspicari
991 2905 1200 2966 solent
1219 2902 1470 2967 naenias
1499 2919 1679 2978 suas,
1703 2921 1899 2985 aequo
1922 2901 2141 2964 animo
2170 2905 2393 2982 potest
2410 2898 2579 2962 ferre
2598 2899 2629 2960 ‘1

441 2997 578 3064 Sed
606 3003 776 3067 satis
817 3002 900 3068 de
941 3003 1310 3086 prooemi03
1373 3000 1720 3067 videamus
1747 3002 1953 3066 totius
1996 3001 2303 3067 carminis
2346 2998 2635 3084 disposi-

434 3101 707 3168 tionem.

455 3267 464 3276 ,
528 3205 870 3270 Inducitur
899 3208 1126 3272 statim
1160 3207 1360 3272 Pluto
1389 3205 1490 3269 ira
1511 3209 1913 3281 commotuS,
1938 3204 2117 3289 quod
2146 3205 2333 3268 solus
2360 3223 2448 3268 ex
2478 3201 2635 3269 Di-is

443 3308 780 3386 connubio
807 3314 1014 3389 egeat,
1045 3308 1320 3392 ejusque
1360 3308 1559 3392 ,iussu
1588 3309 1882 3368 monstra
1907 3304 2158 3368 inferna
2184 3309 2413 3368 contra
2442 3321 2639 3384 supe·

444 3426 561 3470 ros
587 3408 834 3471 bellum
863 3413 1097 3491 parant
1137 3407 1244 3492 (v.
1270 3406 1610 3490 32—41.).
1700 3406 1871 3470 Cum
1905 3405 2049 3488 jam
2094 3406 2385 3468 omnium
2426 3423 2643 3468 rerum

447 3507 752 3572 confusio
802 3528 894 3572 ex
941 3509 1068 3573 hac
1109 3510 1519 3574 contentione
1557 3509 1945 3584 immineret,
1988 3507 2251 3581 Parcae,
2298 3504 2387 3567 ad
2430 3503 2653 3583 pedes.

446 3609 628 3678 illius
669 3593 973 3692 abjectae,
1015 3614 1248 3690 rogant
1287 3614 1355 3672 et
1395 3610 1828 3682 obtestantur,
1872 3613 1949 3668 ut
1990 3625 2033 3667 a
2076 3605 2253 3668 Jove
2296 3601 2643 3682 conjugem

447 3715 662 3792 petat,
687 3729 844 3772 nam
873 3709 1206 3792 repulsam
1233 3727 1384 3771 eum
1412 3707 1697 3772 laturum
1726 3724 1873 3768 esse
1900 3708 2139 3785 negant
2174 3699 2280 3786 (v,
2302 3702 2581 3767 41-67,
2588 3699 2641 3784 ).

451 3811 876 3890 Verecundia
901 3813 1309 3894 precantium
1335 3813 1577 3884 motuS,
1608 3826 1723 3890 per
1762 3807 2007 3869 bonam
2048 3805 2321 3886 gratiam
2351 3803 2653 3875 obtinere

455 3915 711 3991 statuit,
741 3908 922 3996 quod
949 3913 1020 3976 vi
1049 3911 1556 3980 sibiconciliare
1583 3913 1935 3991 paraverat
1958 3904 2067 3990 (v.
2094 3905 2375 3970 67—-75.
2380 3900 2434 3986 ).
2488 3902 2534 3968 J
2538 3921 2647 3970 am

455 4015 793 4096 quaer-itm,
817 4033 942 4080 cur
967 4014 1068 4078 ira
1093 4013 1402 4077 Plutonis
1429 4015 1568 4078 tam
1595 4013 1866 4093 repente
1912 4014 1978 4072 et
2024 4011 2361 4087 tantopere
2403 4023 2649 4068 excau-

461 4115 704 4190 duerit.
795 4115 1021 4180 Num'
991 4134 1140 4200 Jam
1166 4113 1483 4196 precibus
1505 4115 1685 4189 ante,
1730 4116 1798 4175 et
1822 4109 2094 4193 saepius,
2122 4127 2259 4172 rem
2285 4113 2649 4174 tentaverat
