3184 4967
655 364 748 431 42
1445 374 2041 440 ‘rnonmounna

645 522 740 591 ⁴In
775 520 1173 605 quibusdam
1223 538 1505 585 acumen
1551 521 1751 585 nimis
1796 521 2157 605 quaesitum
2198 522 2323 599 est,
2372 526 2445 585 et
2494 535 2723 585 xvm.
2772 522 2849 607 iu

649 624 1004 709 Sphaeram
1033 622 1474 688 Archimedis.
1561 622 1867 687 Iuventio
1894 628 1997 686 est
2030 622 2519 687 venustissima.
2578 622 2849 707 Jupiter

649 726 980 811 sphaeram
1005 726 1184 789 illam
1213 724 1542 789 admirans
1567 724 1915 789 inducitur.

653 858 660 867 ·
741 828 1030 909 Elegans
1077 828 1398 891 sententia
1443 828 1809 891 continetur
1854 827 2143 891 carmine
2197 844 2263 889 v.
2300 827 2368 891 in
2414 826 2757 903 concham,
2801 842 2845 889 e

649 948 787 1014 qua
813 929 1064 993 Serena
1086 932 1365 994 lavatur.
1451 928 1615 993 Huc
1640 930 1920 1012 pertinet
1956 947 2225 1012 quoque
2256 944 2539 993 xxxuv.
2580 927 2665 991 de
2694 928 2841 993 bal-

649 1033 798 1096 neis
829 1030 1234 1109 Quintianis.

739 1132 874 1198 Pro
925 1133 1468 1217 epigrammatum
1509 1140 1749 1197 natura
1787 1132 1991 1195 nimis
2020 1131 2243 1197 forsan
2270 1133 2541 1213 longum
2566 1137 2671 1196 est
2692 1149 2743 1195 1.
2770 1138 2841 1197 et

654 1252 737 1298 n.
780 1246 1056 1318 quorum
1083 1236 1368 1320 primum
1405 1236 1623 1299 mulas
1658 1232 1959 1298 Gallicas
2004 1232 2321 1297 describit
2358 1233 2655 1297 barbarae
2682 1234 2841 1299 voci

651 1336 834 1401 Galli
882 1338 1123 1402 actoris
1169 1338 1729 1418 obtemperanteS,
1792 1339 1871 1398 ut
1916 1334 2155 1398 mirum
2200 1354 2335 1397 non
2392 1335 2681 1417 amplius
2717 1335 2839 1412 sit,

653 1434 991 1521 Orpheum
1019 1441 1218 1502 cantu
1245 1435 1536 1519 pecudes
1563 1434 2001 1500 demulsisse:
2046 1436 2323 1501 alterum
2348 1437 2419 1499 in
2448 1456 2673 1501 senem
2698 1434 2841 1501 Ve-

647 1557 1010 1617 ronensem,
1041 1539 1154 1622 qui
1183 1538 1566 1602 suburbium
1596 1556 1935 1621 nunquam
1958 1556 2271 1619 egressus
2288 1542 2426 1616 est3
2466 1539 2537 1601 in
2556 1556 2693 1621 quo
2718 1556 2841 1603 na·

643 1644 788 1705 lura
813 1639 1146 1722 ejusmodi
1175 1638 1482 1717 hominis,
1543 1660 1755 1703 rerum
1796 1640 2194 1721 cognitione,
2226 1658 2427 1723 quam
2468 1639 2841 1721 peregrina-

645 1737 858 1805 tiones
885 1740 1114 1805 afferre
1135 1742 1365 1820 solent,
1395 1743 1595 1825 plane
1621 1742 1943 1819 destituti,
1976 1760 2371 1823 summaque
2398 1741 2557 1805 vitae
2580 1740 2839 1824 simpli·-

643 1840 823 1905 citas
849 1842 1166 1926 vigorque
1193 1844 1494 1925 corporis
1521 1844 1723 1907 nullis
1752 1844 1933 1907 vitiis
1954 1842 2365 1918 imminutus,
2384 1860 2537 1923 quae
2558 1841 2632 1905 in
2650 1860 2839 1924 mag·-

643 1960 736 2005 no
762 1942 1092 2007 hominum
1115 1948 1300 2008 coetu
1317 1949 1384 2007 et
1409 1944 1592 2009 nasci
1614 1951 1681 2009 et
1700 1943 1869 2008 disci
1892 1944 2125 2020 solent,
2144 1942 2401 2025 egregie
2418 1941 2837 2007 domibuur.

647 2038 948 2107 Acumen
991 2046 1153 2109 latet
1199 2046 1270 2107 in
1317 2044 1576 2109 duobus
1604 2045 1915 2109 versibus
1966 2045 2316 2128 supremis,
2359 2044 2475 2109 ubi
2514 2044 2635 2109 ille
2676 2062 2837 2109 cum

644 2146 1122 2228 peregrinaturo
1149 2150 1589 2227 comparatur.
2713 2202 2719 2209 .

730 2244 1120 2311 Armentum
1178 2248 1496 2311 describit
1556 2264 1655 2310 iv.
1728 2248 1800 2310 in
1850 2248 2081 2311 tabula
2134 2248 2367 2312 forsan
2419 2245 2697 2331 pictum,
2766 2252 2839 2311 et

647 2362 964 2412 xxxvu,
993 2347 1376 2431 quadrigam
1404 2364 1839 2413 marmoream
1868 2348 2173 2413 acumine
2190 2368 2471 2433 operose
2498 2349 2805 2433 quaesito.

643 2486 654 2493 -
729 2446 1148 2511 Carminibus
1179 2464 1320 2511 xx.
1356 2464 1526 2511 xxi.
1569 2465 1778 2515 xxn.
1824 2436 2061 2516 xxm.
2111 2470 2383 2515 munera
2428 2450 2689 2515 Serenae
2741 2450 2835 2514 ad

644 2546 1018 2613 Honor-ium
1033 2548 1242 2613 missa
1257 2556 1653 2630 prosecutus
1678 2555 1820 2631 est3
1864 2570 2001 2616 non
2024 2553 2379 2617 invenusta
2394 2552 2515 2617 illa
2536 2551 2831 2636 quidem,

636 2650 1014 2715 muneribus
1035 2656 1262 2715 tamen
1289 2650 1458 2734 ipsis
1487 2653 2026 2719 commendanda.

729 2750 1002 2832 Frigida
1051 2760 1206 2819 sunt
1253 2770 1368 2819 111.
1434 2770 1672 2820 xxxi.
1722 2770 2011 2821 xxvln.
2068 2761 2137 2819 et
2192 2771 2453 2837 xuu.;
2525 2776 2650 2821 nec
2698 2775 2833 2823 non

636 2852 888 2917 Graeca
917 2868 1075 2916 xv1.
1105 2861 1172 2919 et
1202 2870 1394 2917 xvu.

722 2953 1114 3037 Fragmenta
1161 2962 1310 3019 sunt
1359 2973 1627 3023 xxxu.
1683 2974 1935 3026 xxxv.
1982 2977 2334 3026 xxxvm.
2383 2978 2594 3027 xant.
2648 2978 2729 3024 1„-
2760 2966 2833 3027 et

638 3072 770 3121 xv,
801 3056 1144 3133 Graecum,
1175 3076 1296 3121 seu
1323 3078 1458 3123 non
1489 3061 1655 3124 satis
1682 3061 1912 3145 liquet,
1942 3065 2105 3147 quid
2132 3066 2265 3129 sibi
2293 3064 2579 3129 voluerit
2598 3064 2829 3147 poe'ta.

635 3156 892 3224 Forsan
919 3176 1138 3222 amore
1163 3167 1506 3242 correptus
1533 3160 1934 3245 Apollinem,
1977 3166 2096 3248 qui
2124 3168 2269 3250 ipse
2296 3184 2563 3251 quoque
2584 3167 2831 3231 amoris

627 3256 768 3321 vim
797 3264 1109 3336 senserat,
1139 3265 1346 3341 rogat,
1377 3272 1450 3326 ut
1476 3264 1607 3326 sibi
1636 3269 1913 3331 cantaro
1938 3266 2141 3331 adsit.

651 3356 784 3421 A
812 3359 930 3442 pia
957 3359 1220 3441 quidem
1267 3369 1510 3440 mente,
1563 3364 1681 3427 sed
1730 3368 1817 3429 ab
1866 3369 2042 3431 omni
2086 3369 2297 3450 gratia
2324 3368 2597 3450 poetica
2622 3368 2831 3433 desti-

627 3466 1572 3538 tuta,x1,v.x1,v111.x1„1x.
1625 3466 1888 3545 Latina,
1938 3475 2007 3533 et
2054 3486 2265 3534 xnvt.
2301 3470 2831 3536 xnv11.Graeca

625 3568 782 3627 sunt
806 3563 1128 3647 profecta,
1155 3571 1228 3629 ut
1253 3566 1516 3630 mireris
1543 3566 1775 3647 fuisse,
1804 3571 1919 3653 qui
1948 3572 2429 3649 arbitrarentur,
2472 3572 2589 3637 illa
2618 3570 2827 3636 Clau-

623 3663 803 3729 diani
827 3666 1088 3748 ingenio
1115 3666 1360 3733 deberi.
1461 3694 1472 3701 ·

639 3803 653 3813 —
713 3766 922 3830 Plane
951 3768 1308 3831 obscurum
1349 3776 1452 3835 est
1483 3786 1659 3834 xlx.
1702 3771 1777 3833 de
1808 3770 2137 3857 Polycaste
2162 3784 2224 3837 et
2254 3772 2517 3838 Perdice
2542 3776 2827 3860 inscrip-

619 3872 784 3934 tum.
876 3868 1152 3951 Spectat
1179 3872 1348 3933 enim
1380 3890 1514 3933 rem
1565 3872 1880 3953 aliquam,
1929 3892 2082 3956 quae
2120 3875 2319 3940 nobis
2362 3876 2559 3959 plane
2588 3882 2693 3942 est
2718 3878 2823 3941 in-

621 3970 905 4051 cognita.

707 4068 1194 4135 Demonstratis
1244 4071 1357 4150 iis,
1413 4093 1566 4156 quae
1622 4074 2030 4141 Claudianus
2078 4079 2149 4141 in
2196 4079 2611 4158 inveniendo,
2664 4098 2818 4164 quoe

625 4168 947 4261 primaria
984 4172 1272 4256 pecseos
1321 4174 1530 4243 virtus
1555 4182 1682 4258 est,
1730 4185 1801 4243 et
1844 4180 1915 4248 iu
1967 4180 2383 4265 disponendo
2421 4182 2820 4265 praestita-it,
