3184 4967
935 385 1051 434 nn·
1078 383 1351 432 MALm
1397 381 1499 430 ΤΗ
1512 383 1673 432 uon.
1721 381 1932 433 cous,
2410 351 2546 432 443

351 531 708 606 Sicaniam,
738 535 803 593 et
830 524 1147 612 quicquid
1172 527 1514 612 Tyrrhena
1540 528 1836 591 tunditur
1861 525 2061 604 unda,

350 632 487 695 Vel
514 633 711 714 gemit
738 631 951 694 Ionia.
1042 629 1191 692 Nec
1224 637 1291 692 te
1324 637 1421 694 tot
1448 631 1676 694 limina
1701 649 1942 705 rerum,
2409 625 2545 692 205.

256 786 261 791 .
352 734 489 798 Aut
516 739 766 797 tantum
794 733 1081 795 turbavit
1108 751 1307 795 onus:
1356 732 1474 795 sed
1506 739 1578 796 ut
1609 733 1785 796 altus
1818 730 2088 814 Olympi

352 831 629 911 Vertex,
658 835 772 917 qui
804 835 1023 916 spatio
1053 840 1280 897 ventos
1310 835 1712 916 hyemesque
1743 833 2072 915 relinquit,

354 935 747 1018 Perpetuam
778 935 959 998 nulla
988 940 1343 997 temeratus
1374 935 1545 997 nube
1578 953 1900 1010 serenum,

356 1035 617 1099 Celsior
644 1037 945 1117 exsurgit
975 1035 1244 1117 pluviis,
1274 1035 1587 1116 auditque
1616 1039 1876 1098 ruentes

358 1135 495 1200 Sub
522 1138 804 1220 pedibus
832 1137 1119 1212 nimbOS,
1148 1145 1217 1198 et
1244 1156 1450 1200 rauca
1478 1136 1762 1200 tonitrua
1791 1135 2043 1200 calcat:
2417 1126 2552 1198 210

358 1235 470 1300 Sic
500 1239 757 1320 patiens
787 1239 1067 1316 animuS‚
1094 1255 1218 1320 per
1245 1239 1432 1302 tanta
1458 1239 1731 1319 negotia
1758 1237 1926 1301 liber
2447 1239 2454 1246 ’

356 1457 472 1500 rem,
504 1457 559 1490 ao
591 1441 805 1504 quicquid
837 1441 1109 1491 verberatur
1130 1443 1358 1505 fluctibus
1383 1444 1649 1504 Hetruscis,
1683 1445 1756 1492 vel
1789 1449 1922 1491 sonat
1966 1441 2126 1491 Ioniis
2154 1442 2316 1507 aquis,
2388 1441 2552 1504 Neque

357 1507 579 1566 susceptio
614 1511 683 1553 tot
711 1506 1019 1566 negotiorum,
1052 1513 1135 1556 aut
1170 1511 1349 1570 pondus
1385 1513 1569 1556 tantum
1603 1507 1902 1570 perturbavit
1939 1513 2000 1555 te.
2068 1509 2138 1556 At
2175 1507 2552 1569 quemadmodum

357 1571 535 1617 culmen
570 1571 793 1617 excelsum
832 1571 1040 1631 Olympi,
1070 1574 1189 1631 quod
1222 1573 1392 1620 deserit
1428 1571 1563 1620 infra
1603 1587 1651 1619 se
1689 1576 1848 1620 tentos
1887 1577 1934 1619 et
1970 1575 2268 1632 tempestates
2305 1569 2553 1618 intervallo

344 1645 561 1694 magno,
582 1635 707 1680 nulla
730 1633 919 1680 habens
942 1633 1163 1692 infectam
1196 1636 1397 1696 caligine
1428 1639 1725 1684 serenitatem
1759 1641 2001 1693 aternam,
2039 1636 2274 1682 attollitur
2309 1633 2556 1682 sublimius

356 1697 600 1756 imbribus,
622 1703 668 1744 et
686 1697 821 1744 audit
849 1697 933 1744 sub
950 1698 1145 1759 pedibus
1163 1700 1303 1746 nubes
1322 1700 1612 1761 bacchantes,
1644 1705 1688 1748 et
1714 1698 2446 1759 proterit-salmimmugiemiu:
2477 1697 2556 1746 ita

356 1761 655 1809 Theodorus
686 1761 917 1810 constanti
950 1768 1100 1810 mente
1128 1764 1229 1811 exit
1266 1763 1385 1812 liber
1420 1765 1473 1812 in
1508 1763 1644 1812 rebus
1683 1765 1850 1824 tantis,
1871 1769 1918 1812 et
1939 1777 2116 1825 semper
2133 1777 2224 1824 par
2245 1761 2336 1810 sibi
2353 1778 2372 1818 ;
2403 1775 2550 1824 neque

1274 1893 1629 1912 00000000000

358 1987 461 2030 tav.
484 1995 585 2030 sec.
622 1983 829 2032 Sirmum
854 1983 1011 2033 Oisel.
1032 1984 1155 2033 Put.
1176 1983 1302 2046 Reg.
1326 1985 1518 2035 Mazar.
1542 1987 1686 2036 Leid.
1705 2000 1806 2034 sec.
1824 1975 1929 2034 tre's
1949 1986 2132 2033 Petav.
2175 1983 2415 2032 Smirnum
2437 1979 2554 2032 Pal.

361 2045 564 2094 Tholos.
590 2047 755 2096 Oxou.
781 2063 859 2110 pr.
911 2049 1163 2097 Smirmum
1186 2049 1376 2097 Movet.
1406 2063 1507 2098 sec.
1556 2049 1776 2111 Smyrum
1800 2050 1900 2098 duo
1922 2051 2066 2097 Vatt.
2094 2047 2232 2095 Prie.
2263 2047 2407 2094 Rott.
2433 2044 2554 2096 Pati

358 2109 459 2158 duo
501 2111 673 2160 Ambr.
718 2113 843 2161 Exc.
884 2113 1095 2160 Gevart.
1149 2112 1335 2175 Syrtim
1376 2113 1415 2160 F
1420 2126 1526 2162 arn.
1576 2113 1804 2175 Syrinum
1845 2114 1967 2160 Lov.
2025 2112 2218 2174 Syriam
2253 2111 2440 2159 Moret.
2476 2123 2555 2171 pr.

358 2174 535 2222 Sirium
552 2175 652 2222 duo
673 2177 817 2223 Vatt.
850 2175 1087 2224 Smimam
1112 2176 1191 2225 ed.
1213 2178 1381 2224 Vicet.
1428 2175 1680 2239 Smyrnam
1699 2176 1892 2224 Thuan.
1914 2177 2033 2225 Vat.
2061 2188 2138 2236 pr.
2163 2189 2228 2222 m.
2253 2187 2355 2221 sec.
2410 2173 2556 2221 Sinu-

356 2253 478 2285 mam
500 2239 619 2288 Juu.
643 2249 720 2300 pri
769 2239 987 2302 Syr-mum
1004 2251 1074 2289 m.
1097 2255 1176 2302 pr.
1212 2247 1265 2289 et
1288 2239 1481 2302 Syriam
1504 2256 1567 2289 m.
1592 2255 1695 2290 see.
1717 2242 1841 2289 Var.
1863 2240 1968 2288 LL.
2003 2239 2084 2288 ed.
2120 2237 2284 2286 Antv.
2331 2236 2557 2298 relinquit

357 2301 479 2350 Put.
508 2303 627 2348 Pat.
677 2305 849 2364 recepit
872 2303 993 2350 Jun.
1016 2308 1258 2364 pr.—-204
1296 2303 1531 2365 'Pyrr-hene
1552 2305 1736 2353 Petav.
1763 2319 1864 2355 sec.
1915 2309 2100 2352 terrena
2133 2303 2247 2350 Pal.
2271 2301 2412 2349 Rott.
2451 2299 2558 2364 fln-

357 2365 489 2412 ditur
509 2365 653 2415 Med.
676 2374 843 2428 quart.
878 2365 1105 2424 funditur
1125 2367 1245 2416 Jun.
1270 2381 1345 2428 pr.
1370 2367 1470 2414 duo
1498 2367 1667 2415 Oxon.
1692 2377 1911 2430 quatuor
1933 2369 2082 2416 Vatt.
2104 2368 2258 2414 Farn.
2283 2363 2430 2412 Med.
2453 2378 2556 2416 sec.

356 2431 627 2477 retunditur·
661 2429 812 2478 Rott:
844 2429 1003 2477 Oisel.
1054 2432 1270 2478 tunditur
1308 2429 1487 2478 Ambr.
1512 2445 1614 2480 sec.
1638 2433 1760 2480 Var.
1788 2432 1887 2480 LL.
1912 2447 1940 2478 e
1963 2446 2122 2492 marg.
2145 2431 2320 2484 Parm.
2343 2427 2468 2476 Lov.
2491 2441 2560 2476 ex

359 2494 679 2554 conjectura,
719 2501 774 2542 et
814 2493 885 2541 sic
923 2493 1211 2542 Gronovius
1251 2495 1377 2554 legit
1414 2494 1465 2541 in
1502 2495 1630 2543 Exc.
1660 2493 1862 2544 Schott.
1912 2495 2144 2542 clauditur
2175 2495 2296 2541 Vat.
2320 2505 2421 2539 sec.
2442 2491 2564 2541 Pal.

360 2557 503 2610 Med.
528 2571 604 2618 pr.
656 2557 924 2612 refunditur
959 2557 1098 2605 Prie.
1130 2559 1256 2620 Reg.
1288 2559 1490 2607 Thuan.
1528 2559 1670 2606 Med.
1712 2565 1834 2608 tert.
1872 2573 1936 2607 m.
1977 2573 2052 2620 pr.
2095 2558 2224 2606 Exc.
2262 2556 2463 2604 Schott.
2503 2560 2560 2603 et

360 2619 571 2672 Gevart.
590 2619 819 2675 funditur
844 2621 923 2670 vel
942 2621 1213 2679 refunditur
1234 2623 1331 2669 inc.
1356 2621 1535 2670 HeinS.
1560 2621 1658 2670 duo
1683 2623 1866 2671 Petav.
1913 2637 2034 2670 urna
2056 2621 2171 2670 Pal.
2194 2620 2400 2667 Tholos.
2427 2619 2562 2668 Exc.

362 2683 490 2731 Cod.
514 2685 693 2752 leem.
748 2687 859 2732 ulna
881 2685 1064 2732 Petav.
1088 2699 1193 2732 sec.
1248 2686 1372 2732 unda
1408 2686 1485 2732 vel
1526 2701 1645 2733 urna
1668 2687 1862 2734 Moret.
1889 2701 1966 2746 pr.
1990 2685 2134 2734 Med.
2171 2698 2275 2732 sec.
2313 2682 2561 2730 Heinsius

360 2747 515 2798 variis
533 2748 843 2810 conjecturis
868 2750 1087 2796 tentavit
1110 2749 1240 2796 huuc
1264 2749 1447 2809 locum,
1470 2755 1525 2796 et
1547 2749 1758 2811 legebat
1782 2751 1862 2798 vel
1900 2749 2141 2811 plauditur
2173 2749 2253 2796 vel
2291 2746 2564 2810 affunditur·

361 2808 445 2859 vel
466 2812 703 2871 tunditur,
728 2812 861 2874 quod
888 2821 1197 2874 postremum
1216 2812 1422 2860 tandem
1444 2813 1683 2874 amplecti
1706 2814 1840 2862 visus
1863 2829 1876 2862 ε
1913 2813 1972 2860 ad
1995 2811 2298 2860 firmandum
2316 2810 2374 2858 τὸ
2393 2825 2562 2858 urnam

362 2876 673 2938 ascripserat
698 2877 867 2924 locum
890 2876 1077 2925 Alcim.
1114 2875 1253 2924 Avit.
1288 2876 1399 2924 Lib.
1424 2889 1495 2924 lv.
1527 2891 1597 2924 vs.
1623 2881 1864 2926 62.—-205
1894 2877 2062 2938 genuit
2102 2878 2252 2924 Roma
2288 2876 2413 2922 Var.
2453 2873 2559 2923 LI..

360 2939 443 2990 ed.
469 2938 627 2989 Antv.
684 2941 859 2988 lumina
894 2941 1016 2990 Jun.
1057 2955 1132 3002 pr.
1167 2940 1313 2988 Leid.
1339 2955 1416 3001 pr.
1442 2955 1511 2988 m.
1552 2955 1632 3002 pr.
1669 2941 1830 2990 Oisel.
1853 2941 2081 2989 Florent.
2118 2939 2220 2988 duo
2253 2938 2397 2986 Med.
2437 2938 2561 2988 Put.

360 3003 556 3052 Mazar.
580 3003 765 3052 Petav.
802 3019 904 3050 sec.
938 3005 1139 3052 Bonon.
1162 3005 1281 3052 Pat.
1306 3004 1405 3051 duo
1430 3003 1610 3053 Ambr.
1638 3007 1761 3053 Exc.
1787 3005 2008 3053 Luccns.
2032 3019 2113 3066 pr.
2149 3010 2201 3050 et
2227 3003 2353 3052 cod.
2377 3001 2561 3050 Rhem-

362 3068 541 3115 lumina
567 3067 645 3114 vel
678 3068 854 3116 lumina
874 3069 996 3115 Vat.
1021 3067 1113 3116 Pr.
1146 3068 1382 3116 molimina
1404 3067 1582 3118 Ambr,
1605 3084 1709 3118 sec.
1740 3074 1810 3116 tot
1833 3071 1998 3118 limina
2021 3070 2101 3115 vel
2120 3067 2356 3116 molimina
2379 3066 2568 3126 Petav,

364 3135 485 3177 tert.
526 3145 597 3177 me
618 3130 781 3180 limina
800 3129 1000 3180 Tholas.
1048 3131 1247 3178 culmina
1267 3133 1395 3192 legit
1417 3129 1658 3180 Heinsius
1683 3133 1761 3179 vel
1785 3138 1832 3180 te
1857 3133 2109 3180 molimina.
2159 3132 2232 3179 sic
2262 3130 2472 3190 fastigia
2492 3144 2564 3177 re-

362 3207 469 3240 rum
490 3207 629 3255 saepe
648 3197 981 3242 vocat.-—-206
1013 3193 1221 3242 turbabit
1242 3196 1361 3244 Vat.
1384 3209 1461 3254 pr.
1506 3201 1668 3244 tantus
1689 3196 1829 3243 honos
1853 3197 2042 3244 Moret.
2067 3211 2142 3256 pr.
2191 3195 2334 3242 honor
2364 3195 2564 3250 Mox-et.

364 3268 463 3305 sec.
488 3272 551 3306 m.
576 3271 653 3320 pr.
709 3273 821 3319 opus
840 3258 961 3305 Vat.
988 3265 1152 3318 quart.
1202 3258 1322 3308 alter
1360 3259 1551 3320 Olympi
1586 3261 1708 3307 Vat.
1746 3273 1849 3307 sec.
1875 3261 2020 3306 Rott.
2046 3258 2208 3306 Oisel.
2231 3258 2332 3304 inc.
2373 3256 2560 3304 Heins-

365 3321 533 3370 Oxon.
554 3336 653 3369 sec..
675 3322 875 3369 Tholas.
900 3319 1080 3371 Ambr.
1107 3327 1224 3369 tert.
1250 3323 1348 3369 duo
1372 3322 1556 3370 Petav.
1587 3325 1714 3371 altus
1736 3324 1816 3370 vel
1839 3324 1960 3370 alter
1975 3323 2096 3370 Vat.
2119 3329 2286 3382 quart.
2310 3320 2452 3368 Med.
2477 3334 2564 3381 pr-

364 3389 523 3432 —207
556 3386 749 3446 reliquit
776 3385 887 3434 Pal.
908 3386 1060 3432 Farn.
1085 3385 1227 3433 Med.
1252 3399 1327 3445 pr.
1366 3385 1487 3434 Pm.
1522 3385 1624 3432 duo
1661 3386 1844 3433 Petav.
1881 3387 2080 3434 Bonon.
2103 3385 2224 3432 Pat.
2250 3381 2430 3432 Ambr.
2453 3397 2560 3443 sec.

363 3447 557 3496 Moret.
580 3463 685 3496 sec.
707 3449 831 3496 item
852 3449 1023 3498 Oxou.
1044 3449 1327 3497 ed.·Vicet.
1367 3456 1419 3497 et
1454 3449 1787 3497 Parm.-—208
1821 3450 2020 3497 violatus
2058 3448 2199 3496 Med.
2236 3454 2400 3512 quart.
2435 3445 2558 3495 Ald.

366 3516 618 3559 temeratus
653 3513 881 3559 Flore—nt.
924 3511 1044 3560 Put.
1083 3513 1211 3575 Reg.
1244 3515 1437 3560 Thuan.
1469 3513 1666 3561 Mazar.
1691 3515 1887 3562 Bonon.
1915 3513 2034 3560 Pat.
2055 3509 2265 3559 TholoS.
2291 3519 2397 3558 tres
2419 3509 2564 3559 Med-2

368 3573 580 3622 totidem
607 3575 784 3624 Ambr.
810 3584 863 3624 et
884 3575 1067 3623 Petav.
1101 3578 1222 3625 Vat.
1248 3577 1413 3623 Livin.
1440 3576 1525 3625 ed.
1552 3577 1726 3624 Parni.
1751 3582 1806 3624 et
1830 3577 1998 3625 vicet.
2021 3577 2145 3623 Exc.
2171 3575 2390 3622 Lucane.
2415 3585 2566 3636 pra-<-

370 3640 468 3685 209
503 3639 689 3687 Certior
712 3639 832 3690 Put.
854 3641 1053 3690 Boncn.
1086 3641 1204 3690 Pat.
1236 3641 1424 3690 Petav.
1448 3646 1570 3691 tert.
1624 3642 1806 3690 ruentis
1842 3643 1963 3690 Vat.
1997 3643 2233 3704 pua—211
2267 3639 2416 3688 animi
2451 3637 2566 3687 Flo·

1368 3805 1580 3858 NOTAE

432 3917 528 3962 204
572 3897 835 3978 Tyrrhena]
904 3917 1053 3965 Mare
1090 3918 1432 3983 Tyrrhenum,
1514 3927 1625 3970 tum
1649 3926 1702 3970 et
1728 3920 1950 3970 Cretam.
1987 3885 1992 3889 ἢ

370 4004 463 4042 seu
480 3989 757 4053 Thuscum‚
774 3992 968 4042 dicitnr
990 4007 1129 4042 mare
1153 3993 1391 4043 inferum.
1576 4003 1674 4048 206
1710 3997 1920 4060 Olympi]
1952 3997 2058 4046 Hic
2090 4009 2234 4046 mons
2257 4000 2338 4044 est
2357 3992 2568 4043 Thessa-

390 4123 398 4132 ·
432 4069 527 4114 205
563 4066 721 4128 Ionia]
754 4067 955 4116 Ionium
990 4084 1130 4117 mare
1152 4069 1345 4118 dictum
1368 4071 1432 4120 ab
1513 4072 1595 4120 liae
1629 4072 1783 4120 altior
1820 4071 2057 4119 nubibuS.
2121 4071 2387 4119 Lucanus:
2423 4069 2566 4120 ‘Nu-

368 4133 431 4188 Ῑο
449 4139 627 4190 Inachi
644 4141 784 4212 filia:
821 4139 1098 4208 poi-rigitur
1118 4143 1181 4192 ab
1194 4149 1429 4194 extrema
1511 4147 1604 4196 bes
1627 4147 1902 4208 despectat
1923 4143 2214 4215 0¹53¹¹9¹¹⁸·’.
2241 4135 2244 4145 ’

370 4225 519 4284 purte
538 4219 728 4273 Siciliae
749 4228 803 4270 et
819 4221 968 4285 Epiri
987 4234 1142 4286 usque
1164 4221 1216 4269 in
1234 4220 1427 4285 AEgyp-
1570 4219 1665 4272 211
1699 4217 1864 4284 Liber]
1899 4220 1973 4269 ‘In
2008 4219 2168 4270 tantis
2190 4217 2412 4286 negotiis
2435 4193 2565 4270 liber
