3184 4967
1138 366 1235 415 nn
1286 365 1523 414 nunno
1570 367 2006 418 cinnouico.
2535 348 2672 423 '373

475 510 720 596 Irrupit
750 514 1034 577 clamore
1060 512 1274 577 fores:
1323 512 1507 591 Quid
1532 534 1764 596 magne
1792 515 2072 578 moraris

457 614 757 696 ‘Jupiter,
788 615 1021 679 avulso
1052 636 1255 694 nexu,
1291 618 1642 699 pelagique
1675 618 1907 680 solutis

471 716 787 797 LegibuS,
820 718 1059 781 iratum
1076 719 1357 801 populis
1382 719 1727 781 immittere
1757 716 2021 781 fratrem
2040 718 2070 779 ‘l'

473 816 693 897 Mergi
722 818 938 899 prima
968 822 1145 899 peto,
1236 818 1529 881 Veniant
1558 826 1899 901 praerupta
1928 817 2255 902 Pachyno

466 917 814 1000 AEquora:
858 918 1103 982 laxatis
1134 919 1485 983 subsidant
1510 920 1814 1001 Syrtibus
1844 920 2066 983 urbeS.

470 1019 545 1082 Si
574 1018 737 1081 mihi
770 1018 1123 1082 Gildonem
1152 1025 1477 1101 nequeunt
1506 1020 1835 1083 abducere
1855 1020 2020 1099 fata,

448 1119 583 1183 *Me
608 1139 769 1201 rape
803 1119 1099 1184 Gildoni.
1194 1120 1479 1185 Felicior
1504 1123 1622 1185 illa
1651 1127 1940 1203 perustae

467 1222 636 1285 Pars
668 1224 926 1307 Libyae,
952 1224 1156 1286 nimio
1186 1242 1340 1305 quae
1374 1242 1447 1289 se
1474 1226 1726 1287 munita
1754 1224 1972 1287 calore

470 1323 803 1401 Defendit,
830 1325 1123 1408 tantique
1152 1331 1349 1389 vacat
1377 1344 1613 1389 secura
1635 1326 1920 1407 tyranni.

462 1422 739 1489 Crescat
766 1444 937 1489 zona
964 1426 1205 1489 rubens
1233 1446 1248 1485 z
1293 1426 1548 1489 medius
1576 1426 1918 1507 flagrantis
1951 1426 2224 1511 Olympi

2543 621 2670 686 140

2535 1126 2664 1189 145

440 1598 543 1641 ται·
564 1590 629 1641 ex
664 1594 818 1655 capite
852 1595 1083 1641 lacerato.-
1118 1593 1203 1641 ina
1227 1593 1367 1641 irruit
1394 1593 1443 1641 in
1469 1592 1600 1642 coeli
1621 1593 1814 1652 limina,
1825 1594 1923 1641 hoec
1943 1592 2234 1651 vociferans:
2269 1593 2432 1648 Quare
2467 1600 2656 1645 anetu-

456 1658 543 1713 ria,
566 1670 597 1705 o
618 1673 786 1718 mag-ne
804 1658 1017 1719 Jupiter,
1035 1658 1200 1705 laxare
1210 1656 1419 1715 fratrem
1456 1658 1754 1719 Neptunum
1782 1658 2142 1717 indignantem
2129 1672 2181 1705 ιιι
2205 1663 2356 1705 terras
2375 1662 2532 1721 ruptis
2551 1661 2654 1709 vin-

454 1723 593 1781 culis,
614 1726 662 1769 et
683 1720 923 1769 dissolutis
937 1720 1119 1781 legibus
1136 1718 1319 1769 marie?
1349 1720 1491 1769 Posce
1521 1723 1676 1781 prima
1706 1721 1971 1781 submergi.-
2000 1734 2084 1768 eru
2193 1728 2246 1771 nt
2265 1722 2420 1769 maria
2437 1724 2658 1787 proecipi-

457 1786 615 1833 tantia
650 1800 717 1833 ex
756 1784 1009 1847 Pachyno.-
1041 1786 1211 1861 oppida
1234 1784 1489 1833 obruantur
1520 1785 1762 1860 Syrtibus·
1775 1786 1969 1846 apertis.
2036 1784 2092 1832 Su·
2135 1790 2217 1833 ata
2238 1800 2328 1833 non
2347 1792 2538 1848 possunt
2559 1789 2654 1837 eri-

436 1863 565 1910 -pere
580 1849 697 1897 mihi
726 1849 989 1909 Gildonem,
1010 1849 1137 1911 eripe
1162 1864 1233 1897 me
1260 1849 1475 1897 Gildoni.
1540 1848 1636 1898 Illa
1659 1849 1792 1909 regio
1821 1848 1990 1911 Libya.-
2009 1850 2222 1897 ardentia
2233 1849 2534 1908 fortunatior
2554 1860 2656 1913 est,

454 1926 559 1973 φη
580 1912 767 1973 defensa
788 1915 955 1964 ardore
984 1913 1225 1962 immodico
1246 1918 1433 1961 tutatur
1451 1928 1521 1974 se,
1544 1913 1832 1976 quiea-itque
1870 1918 1976 1961 tnta
2011 1928 2042 1961 ιι
2073 1917 2273 1975 tyranno
2303 1918 2451 1963 tanto.
2517 1915 2654 1965 Zona

1378 2024 1735 2044 OOOOOOOOOO

454 2086 537 2139 ed.
562 2088 717 2139 Antv.
769 2090 1039 2153 Effractum
1062 2089 1243 2153 viginti
1267 2088 1371 2138 alii.
1423 2089 1646 2150 superbas
1667 2102 1841 2137 omnes
1863 2089 2009 2137 Vatt.
2026 2088 2141 2137 Pal.
2164 2089 2316 2136 Fam.
2340 2088 2482 2138 Prie.
2506 2090 2652 2141 Rott.

455 2153 613 2204 Oisel.
637 2155 864 2205 Florent.
885 2169 1001 2203 cum
1026 2156 1215 2217 glossa,
1236 2154 1271 2201 ἰ.
1290 2168 1331 2202 e.
1358 2153 1545 2201 nobiles.
1580 2168 1804 2215 supernas
1823 2152 1967 2201 Med.
1995 2167 2096 2200 sec.
2117 2167 2184 2201 m.
2210 2167 2318 2201 sec.
2340 2154 2466 2201 item
2490 2152 2650 2204 Gesn.

440 2219 537 2267 ed.
562 2219 775 2280 Bipont.
814 2218 1020 2281 Koenig.
1056 2218 1191 2281 quod
1234 2216 1454 2281 probare
1497 2218 1631 2265 visus
1671 2216 1936 2277 Heinsius,
1959 2218 2043 2280 qui
2072 2217 2384 2300 ascripserat
2407 2232 2548 2281 seqq.
2575 2218 2649 2266 sic

432 2282 528 2331 'vn
554 2282 705 2331 Cous.
728 2283 925 2331 Honor.
949 2286 1029 2331 95.
1070 2283 1307 2331 ‘seniore
1342 2296 1589 2343 supernas
1627 2281 1749 2331 Jam
1793 2289 2063 2343 repetente
2106 2279 2320 2343 plagas!
2360 2281 2443 2330 ubi
2469 2282 2648 2329 similis

452 2346 694 2395 varietas.
731 2352 786 2393 et
808 2347 858 2393 in
884 2346 1111 2394 carmine
1134 2346 1199 2392 de
1226 2344 1321 2407 piis
1344 2346 1612 2393 Fratribus
1633 2349 1715 2393 28.
1753 2346 1767 2373 ‘
1793 2344 2103 2393 documenta
2125 2359 2360 2407 supernae
2377 2344 2648 2393 Justitiae.’

434 2408 504 2456 'id
530 2416 610 2457 est
632 2412 847 2457 coelestis.
872 2415 929 2457 et
953 2410 985 2455 l.
1010 2422 1073 2456 11.
1094 2409 1159 2457 de
1184 2410 1357 2470 Raptu
1378 2410 1527 2457 239.ι
1554 2422 1671 2470 quae
1701 2415 1755 2457 te
1785 2408 1996 2457 fortuna
2016 2409 2251 2470 supernis
2274 2407 2558 2457 Abstulit?
2591 2416 2650 2458 et

432 2473 483 2521 ¹l.
508 2486 592 2523 ιιι.
613 2474 771 2534 Rapt.
794 2478 908 2522 107.
936 2472 952 2499 ‘
980 2472 1143 2535 Inque
1179 2486 1401 2534 superna
1433 2468 1586 2519 refer.
1592 2472 1771 2521 ’-139
1806 2473 2040 2534 Inrumpit
2077 2473 2198 2521 Vat.
2221 2487 2328 2521 sec.
2351 2473 2544 2522 Moret.
2568 2488 2648 2534 pr.

428 2536 551 2589 feias
574 2552 665 2599 pro
676 2536 811 2596 fores
836 2536 975 2586 Prie.
978 2541 1136 2585 -141
1174 2535 1385 2597 Legibus
1409 2536 1489 2583 vel
1518 2536 1734 2583 Nea-ibus
1757 2537 1919 2586 Oisel.
1943 2538 2143 2599 populis
2165 2537 2294 2585 Exc.
2321 2537 2472 2586 Laeti.
2505 2538 2648 2585 terris

450 2600 533 2649 ed.
557 2602 729 2649 Vicet.
753 2602 919 2650 Colin.
973 2600 1117 2649 terris
1148 2602 1236 2648 vel
1268 2599 1451 2662 populis
1488 2598 1616 2648 Exn.
1649 2600 1767 2647 Pat.
1807 2614 1910 2649 rec.
1952 2598 2148 2659 frenum
2170 2614 2264 2662 pro
2276 2598 2484 2659 fratrem
2505 2602 2648 2652 Prie.

434 2662 569 2721 freni
592 2666 715 2713 Var.
740 2666 844 2714 LL.
864 2664 946 2713 ed.
970 2665 1129 2713 Antv.
1152 2679 1219 2712 m.
1244 2678 1321 2725 pr.
1326 2666 1487 2712 -142
1497 2667 1806 2739 cunctapeto
1829 2662 2009 2711 Ambr.
2035 2678 2112 2725 pr.
2143 2668 2378 2726 p-roerepta
2402 2664 2546 2713 Med.
2565 2665 2644 2727 p'r.

450 2722 1095 2791 ckid.Barth.Pac12ynno
1133 2729 1253 2777 Vat.
1295 2742 1372 2790 pr.
1414 2733 1468 2775 et
1497 2720 1610 2776 ἐρα.
1668 2728 1710 2774 I
1711 2727 1918 2789 achyncm
1954 2727 2102 2775 Colin
2109 2730 2285 2775 .—143
2317 2729 2495 2775 luxatis
2517 2730 2645 2779 Exn.

445 2790 597 2841 Laeti.
653 2794 839 2841 lassatis
864 2792 1037 2842 Oxon.
1072 2806 1174 2841 sec.
1219 2792 1363 2840 Med.
1402 2798 1523 2839 tert.
1557 2790 1677 2839 edd.
1713 2792 1883 2841 Vicet.
1907 2798 1961 2838 et
1986 2791 2160 2839 Parm.
2209 2790 2463 2839 subsistunt
2500 2792 2644 2843 Med.

448 2864 618 2923 quart.
621 2862 783 2907 —144
814 2861 1041 2919 nequeant
1083 2852 1267 2905 Ambr.
1343 2871 1383 2905 ι·.
1468 2855 1688 2903 obducere
1731 2852 1852 2903 Pat.
1938 2854 2211 2916 abrumpere
2255 2855 2383 2905 Exc.
2429 2855 2576 2904 Laeti.
2581 2884 2646 2893 —

426 2918 536 2969 ’1215
568 2927 788 2983 praeustoe
811 2922 956 2979 Leid.
977 2936 1053 2984 p.r
1081 2921 1238 2969 Oisel
1242 2924 1403 2969 -146
1436 2920 1581 2967 ηἰηιίο
1601 2918 1725 2967 Exc.
1752 2920 1870 2967 Pat.
1894 2933 2000 2967 rec.
2050 2919 2198 2966 medio
2221 2918 2341 2967 Pat.
2367 2918 2449 2968 ed.
2471 2919 2644 2969 Vicet-

447 2988 609 3034 —147
644 2984 880 3043 Defendat
924 2936 1010 3034 ed.
1042 2985 1212 3033 Vicet.
1269 3000 1359 3047 qua
1397 2984 1517 3031 Vnt.
1558 2998 1636 3043 pr.
1693 2984 1905 3045 tantique
1925 2983 2010 3030 vel
2031 2986 2307 3043 tandemque
2326 2983 2472 3031 Med.
2497 2998 2644 3045 pr.—
2736 2985 2738 2987 ’

422 3050 541 3111 β148
578 3048 755 3097 Crescit
780 3050 967 3097 PetaV.
994 3063 1095 3098 sec.
1119 3046 1301 3106 Ambr.
1324 3054 1444 3097 tert.
1471 3049 1600 3097 Exc.
1625 3046 1839 3097 Gevart.
1867 3047 2010 3095 Med.
2035 3052 2154 3095 tert.
2197 3047 2378 3095 Crescit
2403 3048 2482 3095 vel
2510 3048 2644 3096 Cres-

441 3116 515 3169 cat
543 3112 855 3171 Reg.oise1.
904 3099 1282 3161 meliusThuan.
1305 3112 1718 3160 Mazar.'1¹holos,
1742 3113 1988 3161 Vat.sec.
2015 3110 2157 3159 Med.
2180 3116 2304 3160 tert.
2331 3112 2513 3161 PetaV.
2537 3126 2640 3163 sec.

425 3172 596 3223 ‘ambo
618 3176 811 3225 Mon-et.
828 3178 943 3223 'tres
965 3174 1149 3226 Ambr.
1170 3177 1298 3223 Exe.
1324 3175 1538 3224 Gevart.
1568 3174 1704 3223 Vari
1721 3176 1822 3224 LL.
1845 3174 1928 3224 ed.
1951 3174 2113 3227 Antv.
2171 3176 2350 3223 medius
2375 3177 2456 3225 vel
2479 3178 2642 3225 metim

424 3394 431 3401 ·
500 3388 597 3434 140
630 3383 805 3434 Ambo
838 3398 984 3445 nexu,
1014 3385 1119 3447 cisa]
1151 3382 1359 3433 Avulsit
1396 3382 1497 3430 illis
1562 3380 1691 3441 bus,
1706 3388 1762 3429 et
1785 3380 1984 3431 obrntae
2011 3381 2161 3431 urbes
2185 3381 2474 3433 subsidant.
2517 3385 2637 3448 Syr·

436 3459 701 3522 limitibus,
722 3459 807 3525 qui
826 3458 971 3523 quasi
1002 3460 1207 3508 vincula
1246 3472 1385 3507 mare
1416 3473 1497 3507 re·
1578 3463 1658 3506 tes
1682 3458 1944 3521 dicuntur,
1979 3461 2074 3509 ἀπὸ
2103 3463 2190 3509 τοῦ
2222 3461 2396 3525 σύρειν,
2431 3464 2638 3525 trahere,

434 3535 633 3584 tinent:
670 3542 725 3584 et
742 3535 1003 3583 dissolutis
1026 3534 1125 3582 illis
1146 3533 1495 3599 legibus‚quae
1558 3532 1714 3598 ‚quod
1737 3550 1892 3585 naves
1912 3538 2116 3586 trahere
2139 3538 2428 3586 videantur.
2481 3536 2638 3587 Avie-

418 3624 579 3658 -mare
600 3616 779 3659 vetant
804 3610 1095 3673 transgredi
1114 3610 1374 3659 terminos.
1574 3623 1670 3657 nus
1688 3627 1701 3658 ε
1722 3609 1737 3635 ‘
1758 3610 1889 3659 Late
1909 3612 2069 3659 trahit
2090 3626 2298 3674 aequora
2320 3611 2524 3674 Syrtis!

500 3690 592 3735 141
640 3686 823 3736 Iratum
860 3686 1095 3749 fratrem]
1174 3686 1495 3750 Neptunum,
1641 3690 1734 3734 145
1757 3688 2000 3751 Pmstoe]
2016 3687 2193 3749 Libyae
2217 3686 2494 3748 interioris,
2516 3700 2632 3750 quae

436 3763 523 3827 qni
548 3763 754 3825 ponitur
778 3778 871 3825 pro
892 3764 1033 3813 mari.
1575 3764 1842 3825 perpetuis
1888 3764 2048 3815 Zonae
2091 3762 2299 3813 torridae
2344 3761 2634 3813 fervoribus

420 3864 425 3874 ·
498 3842 593 3889 142
627 3838 875 3901 Pachyno]
928 3839 1201 3903 Pachynus
1243 3854 1369 3889 ιιιιιιε
1412 3845 1493 3888 est

431 3928 497 3963 ex
518 3915 880 3976 promontoriis
896 3914 1107 3973 Siciliae,
1130 3914 1339 3978 respicit
1353 3914 1492 3964 Afri-

428 4004 577 4039 cam:
614 3988 767 4037 hodie
796 3992 929 4051 Capo
952 3990 1167 4038 Panare.

494 4068 589 4115 1⁴³
640 4064 846 4113 Laxatis
888 4063 1135 4127 Syrtibus]
1192 4064 1277 4112 Ita
1308 4064 1489 4127 Syrtes

430 4139 629 4191 Africae
673 4142 934 4201 laxentur,
974 4146 1030 4189 et
1076 4139 1394 4203 aperiantur,
1430 4146 1490 4188 ut

428 4224 612 4281 pateat
645 4217 733 4269 via
760 4216 959 4267 facilior
998 4216 1147 4265 undis
1176 4215 1489 4280 erumpenti-

1571 3840 1822 3890 aduritur.

1636 3918 1732 3963 148
1770 3916 1988 3978 Crescat]
2011 3916 2156 3965 Zona
2178 3915 2390 3978 torrida,
2413 3922 2468 3965 et
2491 3923 2629 3967 totus

1568 3989 1656 4037 il'le
1677 3990 1918 4053 circulus,
1937 4007 2038 4056 quo
2055 3993 2145 4040 illa
2162 3993 2476 4055 continetur,
2491 4008 2631 4044 crea„

1570 4072 1676 4126 cat,
1699 4072 1754 4114 et
1775 4081 1856 4114 me
1877 4082 2080 4131 quoque
2112 4068 2398 4133 comburat,
2427 4076 2486 4118 ut
2510 4069 2628 4126 fiam

1566 4142 1781 4193 sterilis.
1814 4143 2128 4207 Imprecatio
2143 4153 2241 4197 est.
