3184 4967
1077 400 1159 455 nt
1207 400 1324 452 οι.
1367 366 1905 455 cmunmuuu.
2476 383 2567 453 47

367 542 740 629 designata,
763 551 838 613 ut
863 547 1086 613 statim
1113 548 1373 626 videas,
1419 548 1683 631 pulchri
1725 552 1793 611 et
1830 546 2091 612 venusti
2118 550 2413 624 sensum,
2440 544 2571 629 qui

366 648 598 712 ordine
643 668 853 713 rerum
895 652 1192 733 aptaque
1241 650 1503 713 illarum
1531 648 1961 732 copulatione
1992 649 2292 725 cernitur,
2320 649 2573 732 ineptae

367 754 440 812 et
469 748 702 832 puerili
729 748 1018 815 cessisse
1045 750 1577 833 magnificentiae,
1634 770 1791 836 quae
1831 752 2285 834 imperitorum
2309 753 2575 814 tanturn

367 850 605 917 oculos
659 856 917 934 pascat,
967 870 1288 917 nauseam
1343 870 1502 917 vero
1544 855 1809 918 moveat
1848 852 2151 935 genuinae
2215 850 2570 933 elegantiae

367 952 792 1017 assuefactis.
882 952 994 1017 Ne
1041 958 1266 1019 tamen
1307 952 1609 1037 iniquam
1646 954 1733 1017 de
1773 952 2145 1019 Claudiano
2172 951 2567 1017 sententiam

365 1052 684 1132 feramus,
733 1054 878 1121 hoc‘
921 1055 1270 1120 tenendum
1313 1060 1440 1134 est,
1487 1057 1558 1119 in
1606 1055 1723 1120 illo
1768 1057 2133 1119 carminum
2176 1072 2429 1135 genere,
2474 1051 2570 1119 ad

369 1152 550 1237 quod
575 1156 941 1221 necessitas
974 1156 1184 1239 magis
1209 1154 1396 1220 illum
1421 1142 1770 1239 compulit,
1796 1174 1997 1239 quarn
2022 1157 2227 1220 animi
2254 1153 2565 1220 voluntas

368 1254 672 1334 adduxit,
703 1261 772 1320 et
823 1258 893 1321 in
931 1277 1089 1341 quo,
1139 1256 1323 1341 quod
1372 1256 1673 1340 profecto
1700 1255 2054 1320 dolendum
2080 1261 2203 1332 est,
2228 1255 2567 1339 ingenium

369 1356 566 1421 suum
589 1355 596 1361 ’
619 1357 804 1423 haud
845 1359 1178 1424 mediocre
1227 1360 1613 1437 consumsit,
1644 1358 2002 1443 plurimum
2029 1358 2287 1422 illorum
2304 1357 2569 1441 judicio

367 1462 512 1521 erat
537 1457 850 1538 dandum,
877 1480 1150 1543 quorum
1177 1460 1411 1525 laudes
1433 1468 1659 1525 essent
1682 1462 1815 1525 sibi
1836 1458 2268 1525 celebrandae.
2354 1455 2433 1521 In
2460 1458 2567 1525 his,

364 1558 564 1635 enim,
603 1579 734 1624 non
769 1560 952 1643 quod
987 1560 1110 1624 tibi
1135 1562 1560 1643 magnificum
1591 1568 1659 1625 et
1686 1562 2085 1645 praeclarum
2106 1546 2428 1635 'videatun
2460 1557 2565 1629 di.-

371 1657 658 1723 cendum
713 1666 835 1739 est,
885 1681 1018 1725 non
1072 1682 1154 1727 eo
1201 1661 1422 1739 modo,
1479 1663 1599 1747 qui
1642 1665 1831 1727 solus
1854 1669 2041 1727 recto
2070 1680 2279 1726 rerum
2299 1661 2567 1745 judicio

369 1763 590 1842 possit
616 1762 888 1845 probari
913 1782 930 1843 ;
962 1762 1083 1829 sed
1099 1782 1203 1840 ea,
1233 1782 1512 1847 quorum
1535 1783 1743 1827 causa
1757 1764 2047 1828 maxime
2064 1764 2197 1829 sibi
2213 1762 2563 1847 plaudant,

367 1876 582 1944 eaque
609 1865 877 1941 ratione,
931 1884 1066 1949 qua
1090 1866 1372 1929 obtusus
1399 1884 1627 1929 eorum
1670 1884 1905 1929 sensus
1928 1870 1993 1929 et
2004 1865 2355 1951 judicium,
2384 1864 2565 1929 nulla

371 1964 506 2027 fere
556 1964 846 2046 politiori
903 1967 1305 2031 humanitate
1341 1967 1705 2047 excultum,
1756 1966 2035 2031 laetetur.
2122 1966 2570 2031 Bai-batorum

371 2070 594 2129 autem
623 2067 852 2131 oculos
879 2074 1162 2133 venusta
1191 2088 1405 2133 rerum
1433 2069 1647 2133 forma
1688 2088 1837 2133 raro
1864 2070 1931 2132 in
1978 2088 2051 2131 se
2093 2067 2264 2131 solet
2292 2084 2568 2131 conver-

372 2174 553 2247 tere3
601 2174 737 2245 aut,
785 2170 1045 2235 etiamsi
1085 2175 1343 2235 naturae
1389 2170 1723 2235 beneficio·
1760 2171 2091 2235 molliores
2104 2186 2350 2232 ‹sensus
2377 2166 2566 2231 nacti

372 2262 529 2346 sint,
573 2275 794 2335 tamen
835 2272 1112 2336 materia
1155 2272 1310 2354 ipsa
1344 2271 1623 2335 formam
1664 2269 2085 2335 commendet
2126 2288 2396 2333 necesse
2440 2272 2565 2345 est,

373 2390 578 2453 quam
623 2371 758 2437 sint
815 2373 1219 2438 admiraturi.
1308 2372 1390 2437 In
1432 2372 1670 2436 iisdem
1712 2372 2118 2437 carminibus
2158 2371 2363 2435 nimio
2406 2370 2571 2457 artis

373 2472 782 2537 ostentandae
814 2472 1038 2537 studio
1069 2474 1372 2538 laborant
1391 2473 1599 2537 etiam
1628 2492 1853 2537 omnes
1882 2474 2015 2538 fere
2036 2473 2567 2557 comparationes

373 2578 442 2636 et
463 2574 951 2652 similitudineS,
997 2596 1172 2657 quae,
1207 2595 1360 2639 cum
1389 2576 1478 2639 ad
1504 2582 1833 2651 ornatum,
1864 2576 1975 2639 cui
1998 2574 2067 2638 in
2087 2574 2211 2639 illo
2238 2571 2573 2639 scribendi

376 2694 607 2757 genere
625 2670 915 2739 maxime
946 2675 1321 2753 inservitur,
1350 2676 1745 2757 pertineant,
1774 2674 2176 2757 frequentius
2197 2675 2571 2739 occurrunt.

375 2774 586 2839 Plane
623 2770 818 2839 nova'
840 2776 1132 2839 invenire
1171 2776 1238 2839 in
1286 2779 1470 2839 tanta
1499 2773 1871 2857 poetarum,
1921 2776 2033 2858 qui
2063 2778 2573 2859 praecesserant,-

374 2875 814 2953 multitudine,
845 2876 1116 2943 difficile
1139 2882 1280 2942 erat
1306 2880 1374 2942 et
1401 2877 1670 2941 omnino
1694 2876 1981 2941 arduum-
1996 2878 2083 2955 ei,
2130 2878 2243 2960 qui
2273 2896 2313 2939 a
2338 2874 2573 2959 pueris

373 2978 464 3041 ad
516 2979 948 3043 imitationem
995 2979 1274 3044 aliorum
1305 2980 1641 3062 ingenium
1682 2998 1876 3043 suum
1926 2982 2425 3060 composuerat;
2454 2975 2575 3041 de·-

377 3084 647 3145 cantata
703 3085 921 3144 autem
973 3086 1267 3163 repetere
1323 3100 1453 3144 non
1499 3088 1643 3143 erat
1690 3078 1937 3162 poetae,
1990 3081 2303 3161 ingeniosi
2330 3097 2573 3151 nomen

375 3180 508 3247 sibi
539 3178 980 3247 vindicantis:
1027 3182 1244 3245 omnis
1289 3182 1486 3263 igitur
1511 3201 1723 3264 opera
1752 3182 1819 3245 in
1865 3182 2218 3259 variandis,
2246 3200 2569 3246 exornan-

375 3282 504 3359 dis,
541 3284 610 3345 et
653 3280 1016 3345 dilatandis
1073 3288 1212 3346 erat
1259 3282 1719 3365 impendenda,
1779 3284 1849 3345 in
1894 3302 2029 3365 quo
2070 3284 2273 3348 etiam
2304 3298 2569 3349 omnem

377 3380 644 3447 dicendi
669 3384 930 3464 copiam
956 3384 1352 3465 exposuisse
1383 3382 1795 3448 Claudianus
1816 3384 2013 3449 videri
2043 3390 2282 3468 potest.
2342 3382 2572 3462 Quan-

379 3502 586 3567 quam
630 3484 812 3547 'enim
831 3486 1088 3567 saepius
1113 3486 1389 3549 eandem
1421 3506 1554 3549 rem
1589 3486 1861 3569 profert,
1902 3493 2119 3550 tamen
2148 3504 2405 3567 semper
2432 3482 2569 3549 fere

377 3588 562 3649 tanto
591 3587 943 3649 verborum
962 3585 1246 3661 delectu,
1279 3593 1418 3649 tam
1439 3604 1619 3650 nova
1640 3588 2115 3653 sententiarum
2136 3582 2572 3649 conversione

377 3685 600 3763 utitur,
635 3692 728 3759 ut,
770 3687 898 3747 nisi
944 3686 1229 3767 penitius
1259 3684 1581 3761 attendas,
1628 3685 1747 3749 vix
1772 3685 2054 3765 repetita
2086 3690 2149 3747 te
2178 3683 2401 3764 legere
2420 3702 2573 3749 sen-

379 3786 546 3866 tias3
576 3786 771 3868 atque
805 3786 869 3848 id
893 3806 1022 3848 non
1053 3787 1274 3849 solum
1301 3784 1463 3848 fecit
1485 3786 1556 3847 in
1587 3784 1694 3860 iis,
1716 3804 1868 3867 quae
1889 3785 2019 3849 hoc
2042 3791 2279 3847 natura
2301 3783 2567 3863 habent,

378 3894 452 3953 ut
495 3876 1092 3969 variandi‘copiam
1128 3890 1292 3951 ultro
1319 3874 1688 3969 praebeant,
1732 3905 1955 3951 verum
1976 3888 2176 3951 etiam
2202 3886 2271 3948 in
2296 3884 2573 3967 vulgari÷

379 3990 504 4054 bus
532 3997 734 4074 atque
753 3992 950 4080 tritis,
997 4009 1148 4071 quae
1176 3990 1384 4051 minus
1412 3990 1484 4052 in
1509 3986 1876 4053 exornandi
1898 3988 2115 4051 studio
2136 3986 2571 4069 exercitatUS,

381 4097 502 4156 aut
523 4091 779 4155 -minori
823 4090 1067 4171 ingenii
1097 4090 1396 4155 ubertate
1443 4090 1824 4167 instnrctuS,
1856 4094 1971 4153 vix
2006 4091 2209 4155 semel
2230 4088 2575 4175 splendide

378 4191 754 4271 emmisset,
794 4191 940 4255 sine
969 4190 1174 4256 taedio
1213 4190 1446 4255 iterare
1470 4210 1542 4255 se
1559 4208 1759 4275 posse
1788 4188 2236 4273 desperasset.
2328 4188 2571 4274 Atque,
