3184 4967
580 422 713 489 142
1276 436 1448 485 σοι.
1493 434 1926 485 v<naumann
1972 434 2081 485 vt?

580 578 671 646 Et
698 598 910 645 rerum
940 580 1332 644 commissus
1362 600 1575 663 apex:
1623 580 1744 643 tibi
1775 578 2030 642 credita
2056 576 2336 640 fratrum
2727 576 2772 637 5

582 676 882 764 Utraque
912 680 1259 763 majestaS,
1289 680 1695 763 geminaeque
1726 680 2054 745 exercitus
2085 674 2279 744 aulae.

584 782 875 848 Rufinus
903 781 1145 867 (neque
1173 782 1344 845 enim
1376 784 1717 863 patiuntur
1747 800 1935 845 saeva
1963 779 2119 862 quie
2127 782 2260 841 tem

586 883 902 960 Crimina,
931 883 1331 965 pollutaeque
1358 886 1592 964 negant
1623 900 1920 945 arescere
1950 881 2214 957 fauces)

544 1006 549 1011 ·
586 986 891 1052 Infandis
922 986 1151 1048 iterum
1180 988 1387 1047 terras
1418 981 1779 1045 accendere
1807 980 2002 1046 bellis

588 1088 885 1163 Inchoat,
912 1092 977 1149 et
1004 1086 1199 1148 solito
1229 1102 1473 1167 pacem
1499 1102 1744 1149 vexare
1773 1082 2072 1147 tumultu.
2699 1082 2786 1145 10

590 1188 770 1252 Haec
798 1188 992 1251 etiam
1024 1204 1287 1249 secum:
1336 1182 1651 1261 Quanam
1681 1183 1931 1246 ratione
1959 1182 2194 1246 tuebor

589 1290 792 1373 Spem
820 1290 976 1353 vitae
1007 1287 1350 1371 fragilem?
1400 1305 1533 1368 qua
1562 1290 1660 1349 tot
1692 1284 2015 1367 depellere
2044 1282 2290 1348 fluctus

589 1390 752 1455 Arte
786 1390 1067 1473 queam?
1092 1406 1371 1470 premor
1400 1388 1549 1471 hinc
1580 1386 1796 1463 odiis3
1841 1385 1995 1448 hinc
2041 1386 2248 1449 milite
2281 1384 2524 1468 cingor.

592 1490 793 1555 Heu!
844 1490 1002 1573 quid
1032 1490 1274 1570 agam?
1321 1507 1454 1552 non
1485 1506 1670 1553 arma
1701 1486 1883 1563 mihi,
1911 1506 2043 1549 non
2071 1484 2412 1569 Principis
2435 1487 2614 1553 ullus

590 1590 980 1655 Auxiliatur
1013 1609 1235 1654 amor:
1281 1596 1536 1657 matura
1564 1588 1866 1672 pericula
1895 1593 2160 1670 surgunt
2704 1588 2792 1652 15
2851 1555 2856 1559 ¹

594 1738 826 1799 Majeetas
852 1736 1074 1786 Fratrum
1096 1737 1333 1786 amborum
1352 1740 1636 1787 demandata
1659 1740 1740 1785 est
1779 1736 1888 1797 tibi,
1909 1739 1955 1783 et
1977 1734 2167 1797 agmina
2186 1734 2354 1795 Regiae
2375 1734 2588 1796 duplicis.
2611 1722 2621 1729 ⁶
2655 1733 2794 1799 Rufi·

593 1817 679 1850 nus
699 1803 906 1865 (etenim
938 1804 1112 1849 scelera
1144 1803 1323 1850 atrocia
1361 1818 1450 1850 non
1488 1802 1768 1863 permittunt
1802 1800 2024 1862 requiem,
2062 1804 2108 1847 et
2143 1803 2313 1859 guttur
2352 1798 2576 1856 infectum
2610 1801 2794 1845 recusat

590 1866 868 1925 siccescere)
912 1864 1125 1914 Rufinus
1166 1866 1336 1928 incipit
1368 1880 1529 1914 rursus
1560 1864 1716 1913 orbem
1749 1865 2042 1975 ίιέῐαιπιηανε
2075 1862 2261 1925 proeliie
2293 1862 2508 1922 nefariis,
2531 1867 2577 1909 et
2597 1860 2791 1909 turbare

594 1929 1091 1991 pacem·seditionibus
1127 1930 1371 1977 consuetis.
1442 1929 1569 1983 Quin
1607 1934 1652 1976 el
1693 1928 1772 1975 Ru
1815 1942 1905 1974 nus
1944 1928 2017 1975 ait
2039 1928 2158 1975 talia
2187 1926 2327 1975 verba
2362 1940 2546 1974 secum:
2581 1925 2796 1979 Quonam

594 1994 727 2040 modo
757 1993 1027 2041 conservabo
1061 2008 1189 2054 spem
1208 1993 1403 2041 debilem
1436 1992 1551 2040 vita:
1583 1991 1747 2039 meae?
1780 2007 1870 2053 qua
1891 1991 2126 2039 industria
2145 1990 2317 2053 possim
2339 1994 2548 2038 avertere
2573 1992 2646 2037 tot
2679 1994 2797 2037 tem-

590 2054 832 2117 pestates?
864 2057 971 2104 hinc
992 2056 1163 2105 obruor
1202 2057 1403 2115 invidia,
1424 2057 1531 2104 inde
1574 2055 1784 2103 obsideor
1802 2070 1831 2102 a
1852 2054 2097 2102 militibus.
2163 2053 2278 2103 Ah!
2309 2054 2424 2115 quid
2455 2048 2672 2112 faciam?
2703 2066 2797 2100 non

595 2120 805 2172 cohortes
834 2121 1127 2182 opitulantur
1163 2120 1297 2181 mihi,
1332 2134 1426 2172 non
1466 2121 1563 2171 ullu
1597 2119 1912 2168 benevolentia
1933 2118 2261 2181 Imperatoria.
2327 2118 2621 2167 Discrimina
2639 2115 2799 2166 subita

1518 2226 1878 2249 ‘OO‘OtOOOOOO

598 2325 705 2360 sec.
746 2312 875 2361 Exc.
916 2310 1053 2359 Laeti
1098 2326 1128 2359 a
1165 2327 1235 2359 m.
1276 2328 1377 2361 sec.
1418 2312 1585 2361 Stilico
1621 2311 1744 2362 Vat.
1787 2326 1889 2361 sec.
1927 2312 2168 2359 Roth—5
2205 2311 2393 2359 condita
2415 2310 2546 2359 Exc.
2587 2310 2800 2373 Voss-e

596 2378 631 2423 6
663 2375 821 2441 exitus
852 2375 1121 2423 Vicet.-·—7
1162 2376 1373 2441 Ruffinus
1408 2378 1529 2425 Vat.
1576 2384 1742 2441 quart.
1791 2375 1972 2440 Ruffini
2011 2376 2214 2424 Thoios.
2257 2390 2405 2423 scaeva
2447 2374 2572 2421 Var.
2621 2374 2724 2421 LL.
2771 2384 2802 2423 e

599 2442 763 2501 marg.
802 2438 978 2486 Parm.
1014 2453 1097 2486 nee
1119 2440 1242 2487 enim
1265 2440 1381 2488 Pal.
1407 2440 1551 2489 Prie.
1574 2442 1722 2489 Rott.
1749 2442 1871 2489 Put.
1897 2440 2012 2487 Pat.
2035 2438 2219 2487 Ambr.
2261 2452 2341 2501 pr.
2382 2436 2804 2486 ettrewMede*

600 2506 633 2551 8
660 2504 949 2565 politamque
985 2502 1175 2552 Moret.
1201 2520 1276 2565 pr.
1309 2507 1586 2567 pollutoeque
1609 2506 1692 2553 vel
1725 2506 2016 2567 pollutasque
2053 2504 2182 2564 Reg.
2207 2502 2457 2563 avidosque.
2471 2517 2521 2549 v.
2553 2502 2804 2562 avidaeque

602 2565 777 2615 Oxon.
823 2580 1133 2619 mansuescere
1178 2568 1322 2617 Med.
1366 2575 1489 2617 tert.
1536 2569 1722 2617 Petav.
1747 2570 1992 2618 ,terh—9
2023 2571 2260 2627 terrasque
2282 2566 2417 2622 Leve
2431 2565 2648 2628 flammis
2671 2564 2804 2626 Bag.

506 2680 514 2687 ,
600 2627 782 2679 Ambr.
818 2645 897 2693 pr.
922 2630 1094 2679 Oxou.
1133 2633 1275 2681 terris
1310 2633 1455 2681 Leid.
1497 2632 1617 2681 duo.
1661 2632 1703 2681 b.
1747 2632 1992 2679 accendere
2028 2634 2068 2678 t.
2093 2631 2196 2678 Ms.
2218 2630 2392 2677 Pulm.
2417 2636 2469 2677 et
2488 2624 2804 2691 Barth-710

599 2692 751 2741 subito
778 2693 919 2751 Med.
944 2709 1047 2742 sec.
1070 2694 1261 2743 turbare
1302 2696 1440 2744 Prie.
1464 2696 1656 2745 Thuan.
1698 2696 1895 2744 Mazar.
1937 2693 2122 2742 PetaV.
2166 2699 2290 2755 tert.
2311 2694 2438 2742 Exc.
2462 2692 2678 2751 LucenS.
2721 2706 2804 2756 pr.

599 2772 773 2825 nemore
796 2762 903 2805 tres
927 2760 1048 2805 Vat.
1074 2758 1189 2807 Pal.
1214 2760 1368 2808 Farn.
1408 2760 1534 2808 Put.
1560 2761 1690 2821 Reg.
1719 2756 1903 2807 Patav.
1939 2772 2018 2818 pr.
2059 2757 2160 2803 duo
2186 2756 2353 2805 Oxou.
2379 2762 2433 2803 et
2475 2753 2622 2803 Leid.
2657 2754 2802 2807 Med.

602 2819 725 2882 duo,
749 2822 901 2868 ambo
927 2820 1116 2869 Mor-et.
1140 2824 1267 2871 Lov.
1290 2826 1486 2871 Bonon.
1525 2830 1629 2870 tres
1653 2822 1832 2870 Ambr.
1857 2822 1959 2867 dno
1982 2816 2166 2866 HeinS.
2190 2820 2318 2866 Exc.
2346 2819 2558 2866 Gevart.
2583 2817 2806 2867 Lucens‘.

603 2898 709 2932 sec.
732 2884 919 2933 Sched.
936 2884 1077 2933 Gud.
1102 2891 1157 2933 et
1180 2886 1262 2934 ed.
1283 2888 1457 2935 vicet.
1504 2888 1630 2933 Var.
1677 2887 1782 2933 LL.
1819 2884 1904 2931 ed.
1943 2880 2102 2931 Antv.
2143 2882 2337 2929 turbare
2361 2882 2443 2929 vel
2463 2894 2638 2929 vexare
2659 2884 2804 2931 Rott.

600 2948 747 2997 Thol.
764 2948 893 2995 Exc.
916 2948 1190 2997 Laeti.—11
1205 2949 1329 3007 fecit
1353 2964 1449 3010 pro
1470 2964 1627 2997 secum
1649 2947 2120 3009 monetaneum
2138 2945 2218 2993 vel
2247 2946 2354 2999 Qua
2372 2960 2494 2993 nuuc
2513 2944 2807 2994 obeb—14

556 3008 561 3018 “
602 3020 687 3069 uec
702 3011 944 3073 Principis
968 3012 1105 3060 Prie.
1124 3012 1265 3063 Med.
1290 3020 1459 3077 quart.
1480 3014 1607 3061 Exc.
1633 3011 1854 3059 Luceus,
1878 3013 2092 3073 pr.—16
2109 3009 2341 3071 impositis
2361 3010 2490 3058 Exc.
2514 3009 2666 3071 Laeti,
2685 3008 2810 3067 Αἶά,

1605 3120 1817 3173 NOTAE

670 3220 700 3263 5
738 3216 915 3263 Rerum
948 3215 1091 3279 apex]
1126 3218 1429 3281 Fastigium,
1468 3234 1555 3267 seu
1586 3235 1668 3267 su-

607 3284 799 3355 premae
823 3290 1105 3353 dignitates
1142 3294 1407 3357 utriusque
1438 3294 1669 3357 Impera-

610 3366 742 3416 toris
768 3364 864 3413 tibi
885 3367 1169 3415 commissae
1196 3374 1333 3417 sunt.
1556 3408 1561 3413 .

675 3440 931 3501 Fratrum]
984 3442 1198 3489 Arcadii
1232 3452 1287 3491 et
1331 3444 1585 3504 Honorii;
1620 3448 1675 3493 et

547 3562 552 3569 .
612 3516 878 3579 utriusque
897 3518 1045 3577 aulae,
1086 3518 1674 3581 Constantinopolitanae

608 3592 661 3643 in
682 3592 917 3655 Oriente,
938 3602 993 3642 et
1015 3594 1261 3643 Romanae
1286 3596 1338 3642 in
1358 3594 1673 3645 Occidente.

612 3667 911 3733 Quanquam
952 3672 1183 3719 nonnulli
1198 3671 1381 3735 dicunt
1393 3671 1674 3721 Arcadium

613 3744 799 3809 viginti
822 3759 979 3795 annos
1021 3753 1219 3809 natum,
1262 3761 1366 3795 non
1413 3760 1541 3811 opus
1586 3746 1675 3794 ha-

616 3814 786 3869 buisse
814 3826 1010 3867 tutore.
1140 3814 1149 3823 “

678 3898 710 3943 8
756 3896 979 3943 Arescere
1009 3894 1201 3959 fauces]
1254 3896 1269 3922 ‘
1292 3896 1367 3943 Ut
1405 3880 1670 3958 se'ra'qnae
1710 3902 1714 3910 '

613 3966 871 4033 gustatum
911 3972 1069 4019 semel
1114 3971 1412 4034 sanguinem
1466 3984 1674 4031 semper

614 4040 763 4094 sitit!
816 4046 867 4093 S.
900 4044 1260 4107 Hieronymus,
1326 4042 1542 4107 Semper
1565 4042 1674 4090 fau-

616 4124 703 4167 ces
746 4120 1053 4167 madescunt
1098 4134 1301 4182 cruore,
1346 4114 1415 4167 ac'
1461 4118 1677 4183 proinde

616 4186 859 4243 recusant
882 4209 1137 4246 arescere.

682 4275 745 4322 10
772 4269 1014 4334 stmultu]
1034 4272 1300 4321 Tumultus
1322 4269 1537 4333 dicitur,
1554 4284 1680 4334 qua·

1750 3218 1792 3267 si
1837 3219 1978 3267 timor
2023 3213 2106 3267 vel
2143 3223 2298 3266 tumor
2343 3220 2531 3265 multus.
2595 3190 2812 3280 Dicitur

1750 3293 1959 3357 proprie
1971 3292 2044 3349 ‚de
2069 3292 2201 3341 bello
2219 3292 2423 3341 Gallico
2447 3298 2539 3341 aut
2556 3285 2761 3340 Italico.

1818 3372 1879 3415 12
1914 3367 2058 3429 Spem
2080 3368 2193 3415 υἱέα»
2203 3366 2458 3429 fragilem]
2485 3367 2620 3413 vitae
2647 3380 2813 3429 spem,

1754 3458 1868 3507 quae
1915 3450 1998 3490 est
2039 3442 2246 3505 exigua,
2283 3441 2500 3504 caduca,
2535 3447 2591 3489 et
2613 3438 2812 3503 fragilis

1759 3524 1814 3579 ut
1841 3518 2048 3566 vitrum.

1823 3593 2046 3656 Fluctus]
2077 3593 2221 3641 Mala
2257 3590 2568 3655 ingruentia,
2598 3598 2656 3640 et
2691 3589 2815 3639 fluc-

1757 3679 1903 3723 tuum
1939 3686 2000 3719 ac
2028 3668 2354 3732 tempestatis
2376 3668 2558 3730 instar,
2594 3667 2814 3717 obruen-

1759 3747 1848 3795 tia.
2566 3778 2576 3787 .
2668 3785 2671 3788 ,

1821 3825 1883 3867 13
1943 3820 2102 3881 Odiis]
2186 3817 2468 3881 Principis,
2523 3829 2818 3880 procerum,

1741 3894 1962 3959 *populiz
1999 3910 2096 3943 nec
2138 3894 2320 3943 mirum
2358 3899 2439 3941 est
2479 3892 2554 3942 sic
2594 3892 2815 3941 invisum

1754 3983 1863 4017 esse
1886 3969 2142 4017 hominem
2167 3968 2533 4016 avarissimum.

1823 4050 1880 4093 15
1919 4046 2118 4094 Matura
2129 4044 2365 4109 pericula]
2400 4046 2592 4092 Parata
2609 4041 2819 4110 cadere,
2911 4058 2914 4063 ·

1758 4130 1816 4171 ut
1859 4138 2063 4185 pomum
2109 4137 2294 4186 nempe
2337 4128 2591 4170 maturum
2625 4116 2814 4169 'subito

1757 4198 1920 4258 cadit,
1957 4195 2032 4246 ita
2076 4203 2131 4245 et
2169 4196 2402 4259 pericula
2424 4195 2594 4245 subito
2632 4208 2818 4258 casura

1757 4280 1877 4321 suut
1899 4270 1950 4319 in
1973 4277 2135 4335 caput
2155 4268 2359 4323 Rufinu-
2767 4266 2770 4273 '
