3184 4967
918 362 1017 411 m:
1062 361 1289 411 norw.
1336 361 1618 411 nonos.
1667 360 1760 409 m·
1809 361 1992 409 MAR.
2191 367 2226 379 ³
2426 339 2560 405 335

363 508 405 573 Ῑ
436 508 641 591 digno
668 505 997 571 nectenda
1020 508 1187 583 vil-0,
1218 508 1514 589 tantique
1544 526 1668 589 per
1695 508 1928 571 orbem

367 609 666 675 Consors
694 608 991 690 imperii!
1030 607 1176 689 jam
1202 614 1269 671 te
1297 608 1715 689 venerabitur
1751 608 2002 673 Hister.

368 706 639 776 Nomen
668 710 1047 773 adorabunt
1076 710 1336 792 populi.
1424 709 1581 773 Jam
1617 709 1890 771 Rhenus
1933 715 2000 773 et
2027 706 2230 773 Albis

369 812 669 881 Ser-vict:
700 812 769 873 in
790 810 1057 874 medios
1085 811 1217 875 ibis
1254 810 1515 892 Regina
1543 811 1973 893 Sygambros·

371 911 554 989 Quid
582 922 916 975 numerem
948 916 1200 993 genteS,
1232 910 1718 993 Atlanteosque
1747 924 2055 975 recessus
2426 904 2564 971 280

374 1012 679 1077 Oceani?
726 1018 865 1076 toto
899 1014 1149 1095 pariter
1178 1012 1491 1076 dotabere
1520 1012 1788 1076 mundo.

374 1113 611 1193 Dixit3
642 1120 709 1177 et
740 1120 1039 1191 ornatuS‚
1070 1112 1387 1177 dederant
1413 1132 1584 1195 quos
1619 1132 1830 1194 nuper
1860 1116 2150 1175 ovantes.

374 1212 727 1291 NereideS,
759 1214 939 1277 collo
966 1214 1415 1295 membrisque
1444 1214 1845 1277 micantibus
1868 1218 2082 1295 aptat.

372 1314 545 1397 Ipsa
570 1321 773 1397 caput
799 1316 1143 1396 distinguit
1182 1333 1332 1391 acu,
1370 1314 1753 1395 substringit
1790 1314 2117 1377 amictus:

374 1412 719 1479 Flammea
738 1418 1051 1499 virgineis
1082 1416 1546 1480 accommodat
1571 1416 1729 1498 ipsa
1753 1415 2036 1496 capillis.
2435 1414 2570 1480 285

372 1514 557 1581 Ante
596 1518 775 1583 fores
797 1518 938 1601 jam
968 1538 1224 1602 pompa
1252 1524 1469 1595 sonat,
1511 1517 1899 1600 pilentaque
1939 1534 2202 1579 sacram

376 1616 792 1683 Praeradiant
819 1620 1098 1684 ductura
1122 1640 1382 1685 nurum.
1472 1620 1668 1684 Calet
1693 1618 1939 1681 obvius
1970 1618 2065 1679 ire

361 1730 469 1791 jam
499 1734 633 1795 parit
666 1739 799 1783 astra
834 1736 886 1783 in
920 1736 1139 1784 honorem
1177 1736 1371 1784 Murice.
1439 1736 1469 1783 1
1502 1734 1673 1782 Maria
1705 1734 2029 1793 conjungenda
2047 1732 2152 1779 viro
2168 1730 2356 1793 merito,
2375 1736 2420 1780 et
2445 1731 2574 1780 socio

362 1794 539 1853 futura
576 1798 766 1860 imperii
806 1799 931 1847 tanti
966 1815 1055 1862 per
1082 1800 1252 1849 orbem,
1316 1802 1433 1847 Jam
1470 1798 1724 1847 Danubius
1756 1799 1870 1846 colet
1895 1802 1955 1845 te.
2027 1796 2208 1844 Gentes
2228 1810 2402 1844 omnes
2419 1797 2572 1843 colent

374 1874 543 1913 nomn
589 1869 750 1911 tuum.
814 1864 933 1911 «Iam
972 1864 1167 1913 Rhenus
1196 1869 1245 1912 et
1280 1864 1419 1912 Albis
1436 1863 1651 1911 obedient
1668 1861 1764 1911 tibi
1781 1878 1794 1909 z
1813 1862 2010 1914 incedes
2031 1866 2086 1908 tn
2108 1860 2402 1921 Imperatr-ix
2422 1859 2476 1907 in
2493 1856 2586 1909 Si-.

372 1923 585 1975 cambros
603 1927 793 1975 medios.
862 1929 1021 1983 Quare
1058 1943 1403 1977 commemorem
1422 1929 1630 1990 populos,
1665 1931 1712 1974 et
1722 1926 1850 1990 fines
1871 1926 2121 1973 Atlanteos
2147 1921 2364 1972 suenni?
2420 1925 2578 1972 Dota-

373 1984 499 2038 berie
536 1990 781 2051 aqualiter
820 1991 929 2040 orbe
965 1992 1197 2041 universo.
1264 1992 1439 2041 Venus
1482 1992 1553 2040 sic
1596 1993 1748 2038 locuta
1787 1995 1892 2045 est;
1915 1993 1961 2036 et
1981 1990 2296 2037 accommodat
2314 1987 2503 2049 cervici,
2525 1991 2575 2035 et

376 2052 556 2113 corpori
591 2054 768 2103 Mariae
788 2056 1065 2117 splendenti,
1084 2071 1141 2105 ea
1160 2061 1450 2116 ornamenta,
1472 2071 1573 2117 (μα’
1595 2056 1727 2102 modo
1751 2053 1982 2102 Nereides
2017 2054 2276 2112 gaudentes
2307 2052 2575 2099 tribuerant

375 2114 491 2177 ipsi.
556 2117 669 2179 Ipsa
698 2118 875 2167 Venus
912 2120 1208 2169 discriminat
1244 2136 1333 2168 acu
1367 2120 1578 2181 capillos
1621 2117 1806 2179 capitis,
1841 2116 2124 2175 constringit
2145 2120 2296 2163 vestes
2317 2115 2414 2174 ejas
2434 2131 2451 2163 .·
2471 2114 2588 2176 ipsa·

376 2180 575 2243 adaptat
596 2183 749 2231 velum
771 2184 1005 2246 nuptiale
1026 2185 1169 2233 comis
1192 2184 1492 2247 puellm-ibus.
1554 2184 1672 2231 Jam
1693 2180 1946 2231 comitatus
1965 2184 2152 2228 resonat
2173 2184 2284 2227 ante
2301 2185 2510 2241 portam,
2532 2182 2592 2226 et.

1299 2277 1660 2297 “NOO‘OOO‘O

378 2340 477 2401 Ep.
493 2338 674 2389 Ambr.
696 2341 847 2389 oetbra
864 2342 1046 2390 Ambr.
1065 2343 1365 2405 pr.—2'16‘I
1382 2343 1525 2401 digno
1552 2349 1654 2392 vet.
1673 2342 1940 2405 Gyr.Exc.
1963 2342 2178 2389 Lucens.
2201 2352 2302 2388 sec.
2327 2346 2483 2403 atque
2501 2337 2578 2386 ita

375 2409 680 2453 correxerat
696 2404 955 2454 Heinsius.
994 2406 1039 2453 0
1060 2407 1203 2465 digno
1222 2420 1396 2454 omnes
1413 2406 1559 2453 Vatt.
1597 2406 1710 2453 Pal.
1737 2406 1884 2453 Faru.
1902 2404 2044 2453 Prie.
2073 2404 2217 2452 Rott.
2252 2404 2414 2452 Oisel.
2461 2404 2580 2451 Jam

377 2468 523 2528 digno
560 2467 743 2517 Petav.
784 2475 906 2518 tert.
954 2470 1199 2529 Condigno
1221 2469 1338 2519 Pat.
1397 2468 1458 2516 In
1476 2468 1619 2527 digno
1653 2468 1796 2517 Med.
1829 2474 1948 2515 tert.
2001 2469 2203 2527 Indigno
2226 2469 2471 2517 Var.LL.
2498 2466 2586 2515 ed.

379 2528 537 2581 Antv.
563 2530 596 2578 I
610 2532 755 2592 digno
776 2534 857 2580 vel
881 2534 926 2581 0
942 2533 1089 2593 digno
1110 2531 1294 2582 Petav.
1320 2535 1589 2581 secr—2⁸78
1614 2532 1809 2581 Rhenus
1825 2538 1878 2579 et
1896 2530 2034 2591 Alpis
2053 2530 2206 2579 Farn.
2228 2530 2413 2579 Petav.
2457 2537 2582 2579 tert.

378 2599 543 2642 -279
574 2594 850 2655 Sigambros
868 2596 1031 2645 Oisel.
1078 2596 1346 2644 Sicambros
1365 2597 1486 2643 Vat.
1527 2602 1649 2644 tert.
1685 2594 1964 2657 Sycambros
1984 2594 2310 2643 (ἔθει-280
2348 2594 2584 2641 Atlantei-

380 2658 612 2720 quelegit
630 2659 970 2709 Heins.--·281
1006 2660 1223 2707 dotabere
1280 2667 1465 2707 uatuor
1489 2657 1640 2706 Vatt.
1679 2659 1801 2706 Put.
1823 2658 2022 2705 Thua‘n.
2055 2658 2251 2705 Mazar.
2275 2656 2376 2704 duo
2399 2657 2585 2705 PetaV.

382 2721 613 2771 donabere
654 2723 775 2771 Vat.
818 2739 897 2786 pr.
938 2724 1082 2773 Leia.
1122 2738 1200 2785 pr.
1283 2724 1347 2772 al.
1391 2721 1531 2770 Prie.
1573 2723 1695 2771 Vnt.
1729 2720 1894 2769 Livin.
1935 2720 2226 2769 dominabere
2248 2719 2394 2768 Med.
2419 2727 2586 2783 quart.

381 2786 581 2836 Tholos.
634 2786 845 2835 ditabere
868 2788 1057 2837 Moret.
1081 2800 1183 2837 sec.
1205 2802 1277 2835 m.
1300 2801 1378 2850 pr.
1430 2784 1643 2833 ditabere
1663 2786 1747 2833 vel
1782 2783 2077 2832 dominabere
2098 2783 2270 2832 Oxou.
2299 2798 2402 2832 sec.
2443 2785 2587 2830 dona-

383 2848 487 2897 bere
507 2852 587 2898 vel
610 2852 829 2900 dotabere
853 2852 995 2901 Med.
1019 2865 1097 2915 pr.
1138 2849 1321 2900 Ambr.
1344 2862 1449 2899 sec.
1494 2848 1724 2897 donabere
1761 2848 1845 2895 vel
1881 2847 2178 2895 doniinabere
2213 2848 2342 2897 Exc.
2381 2848 2587 2896 Schott.

386 2913 679 2963 Gronovius
704 2916 832 2964 ascri
874 2922 1014 2965 serat
1036 2916 1202 2964 locum
1227 2930 1303 2963 iv.
1326 2916 1482 2965 Cons.
1508 2913 1706 2961 Honor.
1729 2916 1842 2961 648.
1883 2914 1898 2939 ⁴
1921 2912 1989 2960 Et
2024 2918 2136 2959 toto
2159 2910 2384 2960 dotanda
2423 2910 2588 2959 mari!

384 2978 599 3027 ddabere
616 2980 696 3027 vel
712 2981 831 3027 dona
863 2994 939 3029 ere
962 2979 1046 3029 vel
1064 2980 1361 3029 dominabere
1382 2978 1551 3026 Oxou.
1576 2992 1658 3040 pr.
1692 2975 1904 3025 ditabere
1921 2975 2004 3023 vel
2027 2975 2254 3023 donabere
2277 2976 2358 3023 vel
2377 2976 2589 3022 domina·

386 3040 493 3089 bere
516 3044 647 3103 Reg.
680 3044 790 3091 coelo
814 3058 909 3105 pro
932 3045 1101 3091 mimda
1124 3043 1269 3092 Med.
1313 3044 1585 3091 sec.—-282
1619 3041 1749 3089 dedit
1767 3045 1851 3088 aut
1878 3040 2162 3088 Pan—284
2196 3039 2479 3087 constrinxit
2500 3053 2590 3089 ocu

386 3104 535 3153 Leid.
570 3120 650 3167 pr.
705 3108 985 3167 constringit
1027 3109 1148 3157 Vat.
1186 3121 1287 3156 sec.
1312 3109 1459 3155 Rott.
1485 3106 1585 3154 duo
1607 3104 1754 3154 Med.
1779 3104 1949 3154 Ursin.
1975 3103 2104 3153 Cod.
2129 3102 2232 3151 duo
2257 3103 2427 3153 Oxon.
2461 3104 2590 3165 Reg-

386 3168 509 3216 Pat.
552 3168 755 3217 Tholos.
800 3169 900 3217 duo
943 3170 1127 3219 Petav.
1164 3171 1383 3219 totidem
1422 3169 1603 3218 Ambr.
1638 3170 1763 3219 Exc.
1785 3168 2008 3220 Lucens.
2034 3182 2136 3215 sec.
2180 3166 2442 3227 confringit
2465 3168 2590 3217 Var-

388 3231 492 3279 LL.
532 3232 614 3282 ed.
654 3230 814 3282 Antv.
860 3234 1113 3293 distinguit
1156 3234 1238 3281 vel
1276 3234 1559 3293 constringit
1600 3233 1698 3281 inc.
1738 3231 1918 3280 Heius.
1959 3232 2190 3290 succingit
2227 3231 2426 3279 amictus
2445 3229 2590 3279 Med.

390 3299 559 3357 quart.
614 3297 838 3345 amictum
855 3299 973 3347 Vat.
996 3312 1075 3359 pr.
1097 3297 1241 3345 Med.
1266 3312 1343 3360 pr.
1360 3298 1474 3345 Pal.
1507 3297 1629 3345 Vat.
1654 3296 1988 3343 Liviae—286
2019 3294 2196 3355 pilenta
2213 3299 2379 3341 sonant
2397 3294 2592 3347 Mon-et.

389 3373 470 3421 pr.
510 3360 753 3409 Heinsius
793 3361 1039 3411 lectorem
1071 3361 1403 3423 ablegaverat
1424 3360 1488 3407 ad
1511 3367 1619 3409 not.
1641 3359 1862 3409 casaub.
1894 3357 1959 3405 ad
1981 3358 2118 3407 Hist.
2135 3356 2273 3419 Aug.
2298 3372 2349 3417 p.
2368 3360 2478 3404 145.
2513 3371 2591 3404 sa-

391 3437 520 3476 oram
542 3423 699 3474 Oisel.
720 3424 901 3475 Ambr.
924 3440 1028 3475 sec.
1076 3440 1212 3473 sacra
1234 3440 1408 3473 omnes
1428 3424 1540 3473 fere
1565 3423 1728 3473 codd.
1753 3424 1878 3471 Exc.
1913 3422 2127 3469 Lucens.
2166 3435 2241 3481 pr.
2280 3421 2404 3468 Var.
2426 3419 2528 3467 LL.
2558 3434 2590 3467 e

391 3500 551 3550 marg.
568 3487 739 3537 Parm.
752 3490 803 3537 in
820 3489 999 3553 quibus
1012 3496 1066 3539 et
1078 3504 1261 3537 sacram
1274 3504 1338 3538 ex
1351 3489 1670 3551 conjectura,
1689 3486 1807 3535 Ald.
1827 3485 1946 3534 edd.
1963 3485 2138 3533 Parm.
2155 3484 2324 3532 Vicet.
2348 3488 2403 3531 et
2425 3482 2592 3539 Colin,

418 3640 429 3653 ⁴
458 3660 557 3705 279
589 3643 897 3722 Sygambros]
923 3642 1005 3709 *Hi
1027 3666 1147 3709 sunt
1169 3579 1636 3709 bellicosiljaeorlllfm
1664 3656 1918 3718 nuptiale,
1939 3654 2012 3703 sic
2035 3654 2228 3703 dictum
2253 3668 2284 3701 a
2306 3652 2479 3703 colore
2502 3649 2594 3699 fla-

397 3734 512 3785 simi
535 3734 825 3784 Germaniae
849 3739 1043 3801 populi.
1528 3747 1593 3781 vo
1611 3730 1840 3779 flammas
1864 3730 2118 3779 imitante.

462 3813 561 3859 280
592 3810 922 3874 Atlanteosque
942 3812 1167 3874 recessus]
1214 3812 1356 3860 Loca
1377 3824 1453 3859 re·
1595 3812 1691 3856 286
1724 3806 1928 3869 Pompa]
1996 3805 2284 3854 Comitatus
2339 3802 2596 3866 egregius,

397 3891 543 3935 mota
585 3882 800 3947 Africae,
856 3901 969 3949 quae
1020 3888 1165 3935 alluit
1210 3888 1452 3937 Oceanus
1532 3898 1633 3948 quo
1655 3898 1848 3947 pompa
1879 3881 2173 3944 nuptiarum
2207 3878 2464 3928 celebrior
2485 3876 2595 3927 effi-

398 3959 696 4009 Atlauteus.
1536 3959 1690 4008 citur.

420 4048 429 4055 ·
466 4038 564 4084 284
599 4034 921 4097 substringit]
967 4036 1043 4083 Ut
1062 4036 1237 4084 Maria
1257 4036 1458 4085 tenuior
1603 4033 1819 4094 Pilenta]
1871 4031 2087 4095 Species
2120 4044 2318 4091 currus,
2352 4044 2453 4093 quo
2493 4026 2596 4077 vir-

404 4110 741 4175 graciliorque
760 4115 1025 4173 appareat.
1538 4108 1684 4171 gines
1707 4122 1890 4169 sacrae,
1925 4122 2014 4155 seu
2036 4118 2300 4154 sacrorum
2323 4102 2597 4165 antistitae,

466 4188 563 4235 285
598 4182 862 4247 Flammea]
918 4184 1235 4235 Flammeum
1270 4189 1353 4234 est
1376 4196 1460 4233 ve·
1538 4184 1659 4235 vehi
1682 4182 1934 4235 solebant.
1986 4182 2089 4233 Sed
2108 4190 2288 4247 postea
2307 4181 2512 4233 hiemes
2531 4181 2598 4231 ad
