3184 4967
589 367 680 436 80
1405 389 1965 440 rnonncoMENA

587 528 892 615 potuerit.
982 527 1245 613 Nempe
1295 548 1378 592 ea
1423 535 1609 594 erant
1644 531 1963 610 canenda,
1998 551 2151 614 quae
2182 551 2484 616 magnam
2530 541 2783 619 partem

587 632 770 714 apud
811 631 1053 694 inferos
1095 631 1349 695 fuerant
1389 635 1603 712 gesta.
1694 631 1873 694 Haec
1904 633 2047 714 sine
2076 636 2325 698 monitu
2354 636 2581 700 divino
2612 639 2782 702 scire

587 731 792 816 poeta
819 751 944 795 non
977 738 1272 814 poterat3
1328 735 1619 796 animum
1656 734 1855 814 igitur
1906 733 1993 796 ab
2037 732 2345 816 Apolline
2386 743 2783 819 occupatum

587 834 797 916 fingit,
842 843 1250 917 mentemque
1297 837 1580 917 priorem
1633 837 1895 920 penitus
1949 836 2323 917 expulsam,
2370 855 2574 918 seque
2615 839 2783 902 inter

586 955 810 1006 earum
837 956 1046 1002 rerum
1079 937 1338 1017 species
1365 923 1631 1017 repente
1674 934 1983 1012 delatum,
2030 953 2203 1016 quas
2255 940 2394 1007 erat
2438 939 2785 1018 expositu-

586 1055 722 1102 rus,
813 1035 1011 1100 Hanc
1044 1036 1244 1098 animi
1269 1035 1774 1100 concitationem
1804 1036 2135 1117 subitique
2166 1034 2401 1098 furoris
2432 1055 2781 1105 accessum

584 1137 899 1220 exprimit
949 1139 1302 1220 imaginum
1359 1138 1647 1200 obscura
1690 1143 1757 1200 et
1816 1137 2097 1200 confusa
2155 1137 2571 1218 significatio,
2628 1157 2779 1220 quae

585 1239 798 1302 oculis
828 1239 908 1300 de
937 1239 1297 1320 improviso
1344 1244 1495 1302 sunt
1542 1238 1820 1318 obortae,
1870 1243 2072 1319 atque
2120 1238 2233 1301 illa
2278 1238 2485 1314 fictio,
2534 1258 2669 1320 qua
2708 1239 2779 1312 iu

584 1339 901 1420 templum
923 1337 1178 1403 Cereris
1205 1337 1554 1402 Eleusiniae
1583 1337 1843 1400 delatus
1870 1338 1999 1400 sibi
2024 1337 2309 1414 videtur,
2329 1339 2545 1420 iisque
2570 1339 2778 1414 saeris

491 1453 497 1461 “
585 1440 921 1516 interesse,
951 1441 1023 1502 in
1051 1441 1290 1522 quibus
1321 1441 1579 1502 actione
1607 1437 1900 1520 quadam
1940 1440 2156 1502 oculis
2200 1459 2282 1501 ea
2322 1441 2777 1521 proponeban-

584 1544 712 1615 tur,
743 1560 895 1624 quae
929 1548 1382 1624 argumentum
1430 1541 1737 1607 carminis
1778 1541 2197 1604 constituunt.
2286 1539 2331 1602 J
2338 1559 2442 1602 am
2472 1541 2603 1607 sibi
2627 1540 2778 1608 red-

585 1641 793 1718 ditus,
825 1661 1194 1725 quanquam
1224 1647 1440 1704 mente
1471 1641 1691 1706 adhuc
1722 1647 2072 1718 commota,
2095 1641 2390 1706 Deorum
2420 1643 2777 1709 inferorum

581 1743 848 1806 veniam
878 1747 1208 1824 precatur,
1237 1747 1314 1804 ut
1343 1743 1496 1820 sibi,
1518 1761 1675 1824 quae
1708 1742 1964 1818 viderit,
1996 1761 2143 1806 cum
2174 1741 2325 1806 aliis
2353 1743 2555 1806 liceat
2596 1725 2776 1805 com-⁸

583 1843 943 1906 municare.
1055 1843 1214 1906 Hoc
1259 1843 1730 1918 enthusiasmo,
1762 1862 1893 1925 quo
1934 1841 2141 1926 poeta
2187 1843 2529 1906 consilium
2572 1850 2777 1926 atque

584 1949 1034 2024 argumentum
1061 1945 1370 2006 carminis
1398 1946 1729 2027 proponit,
1760 1945 2025 2008 lectoris
2074 1945 2335 2008 animus
2376 1962 2647 2008 necesse
2677 1949 2776 2008 est

581 2045 995 2110 vehementer
1045 2052 1554 2123 commoveatur,
1585 2048 2095 2128 expectatioque
2138 2044 2543 2121 intendatur„
2574 2063 2773 2126 quam

581 2145 818 2212 deinde
845 2167 930 2210 ne
956 2147 1264 2212 destituat
1289 2150 1576 2212 narratio
1606 2151 1781 2232 ipsa,
1812 2150 2013 2212 etiam
2045 2155 2253 2230 atque
2302 2149 2501 2212 etiam
2531 2167 2773 2214 caven-

582 2246 736 2310 dum
763 2254 884 2312 est.
973 2249 1221 2312 Verum
1270 2267 1694 2331 nequaquam
1737 2251 1855 2314 illa
1898 2249 2321 2312 frustrabitur
2366 2248 2668 2326 lectores,
2712 2249 2776 2319 si

581 2367 795 2410 rerum
822 2350 1154 2431 expositio
1182 2350 1277 2412 ita
1306 2356 1407 2413 est
1435 2354 1821 2430 temperata,
1850 2353 1925 2412 ut
1954 2348 2458 2412 admirationem
2490 2353 2771 2426 moveat,

583 2454 926 2526 sustentet,
959 2451 1204 2515 sensim
1232 2456 1491 2531 augeat,
1522 2452 1809 2513 animum
1842 2471 1962 2532 spe
2008 2455 2073 2512 et
2111 2451 2341 2514 timore
2372 2469 2770 2532 suspensum

579 2554 818 2626 teneat,
869 2569 1170 2634 novaque
1223 2570 1484 2632 semper
1532 2551 1875 2631 voluptate
1904 2549 2332 2632 permulceat,
2362 2551 2623 2614 etiamsi
2651 2552 2773 2613 im-

578 2655 799 2732 petuS‚
847 2671 982 2734 quo
1031 2671 1200 2734 opus
1245 2658 1348 2715 est
1391 2653 1779 2734 incoeptum,
1832 2651 1899 2713 in
1948 2651 2337 2713 sedatiorem
2382 2650 2772 2718 narrationis

577 2750 897 2827 habitum,
922 2753 1116 2814 rebus
1147 2753 1562 2834 exponendis
1591 2761 1846 2834 aptum,
1881 2752 2135 2815 abierit.
2224 2749 2605 2830 Cogitemus
2648 2752 2773 2832 igi?

577 2855 684 2914 tur
712 2850 982 2934 poetam
1010 2853 1350 2934 repentino
1395 2853 1684 2914 numinis
1732 2853 2049 2916 instinctu
2092 2854 2308 2912 mente
2354 2851 2553 2914 solita
2592 2871 2771 2917 emo-

575 2957 742 3030 tum,
785 2955 1109 3034 novisque
1155 2973 1367 3016 rerum
1417 2951 1840 3032 imaginibuS,
1892 2970 2047 3033 quae
2093 2950 2155 3012 ei
2202 2949 2355 3012 aliae
2400 2954 2557 3030 post
2599 2950 2770 3016 alias

545 3054 1028 3129 suboriuntur,
1084 3057 1452 3134 stupentem
1508 3057 1574 3114 et
1632 3052 2116 3127 conturbatum,
2175 3066 2391 3113 rerum
2446 3069 2767 3117 novarum

576 3152 990 3216 multitudine
1033 3158 1098 3215 et
1120 3153 1312 3216 .mole
1355 3153 1551 3234 plane
1587 3158 1950 3229 oneratum,
1982 3150 2546 3234 conditionemque
2578 3170 2767 3219 suam

575 3250 646 3314 in
675 3251 1052 3314 universum
1103 3257 1354 3315 tantum
1396 3251 1809 3328 indicantem,
1833 3253 2223 3334 potioraque
2272 3252 2500 3333 capita
2542 3271 2768 3318 eorum

579 3352 1056 3432 significantem
1097 3373 1246 3434 quae
1297 3359 1448 3416 ante
1497 3353 1727 3416 oculos
1772 3357 2133 3416 versantur.
2226 3351 2561 3431 Narratio,
2616 3373 2768 3434 quae

576 3454 898 3533 sequitur,
925 3451 1137 3516 videri
1185 3457 1409 3535 potest
1459 3451 1631 3534 ejuS,
1684 3453 1802 3532 qui
1847 3453 2213 3532 resipuerit,
2266 3454 2565 3535 aliisque,
2611 3472 2763 3536 quae

574 3553 835 3630 viderit,
895 3552 1118 3616 animo
1182 3571 1407 3614 rursus
1464 3553 1838 3633 composito
1912 3559 1981 3616 et
2050 3553 2270 3633 quieto
2344 3554 2767 3635 exponentis·

577 3651 778 3715 Hanc
833 3655 1150 3717 rationem
1183 3658 1462 3718 secutus
1481 3673 1631 3716 esse
1658 3653 1911 3718 videtur
1957 3654 2124 3716 inter
2174 3655 2343 3720 alios
2372 3654 2765 3718 Wielandus

573 3759 835 3830 noster,
879 3755 948 3822 in
977 3750 1266 3817 carmine
1293 3753 1537 3816 Oberon
1556 3754 1901 3834 inscripto,
1924 3772 2117 3832 quem
2140 3773 2334 3817 nemo
2372 3773 2596 3830 sanuS,
2633 3755 2767 3820 nisi

571 3854 689 3936 qui
731 3862 1020 3919 veterum
1063 3855 1398 3936 exemplis.
1427 3872 1697 3935 prorsus
1751 3854 2329 3934 acquiescendum,
2364 3855 2433 3916 H
2438 3856 2765 3938 oratiique

569 3963 1272 4039 praeeeptum.semper
1292 3959 1368 4017 vet
1389 3955 1635 4036 ubique
1662 3953 2069 4036 sequendum
2098 3960 2311 4038 putat,
2342 3954 2522 4018 nulla
2548 3974 2763 4026 rerum

569 4061 820 4123 naturae
851 4059 1098 4120 ratione
1125 4055 1545 4132 habita,.hoc
1589 4055 1853 4118 nomine
1898 4055 2319 4138 vituperabit.
2408 4053 2581 4132 Quae
2614 4055 2760 4138 qui-

570 4155 722 4220 dem
747 4163 996 4222 veteres
1037 4158 1106 4221 in
1149 4157 1399 4220 ratione
1441 4161 1508 4219 et
1550 4155 1908 4238 disciplina
1932 4155 2189 4239 pulchri
2220 4157 2633 4222 instituerunt
2658 4159 2759 4220 at-
