3184 4967
601 390 696 458 38
1411 401 1979 453 rnonsseoumm

608 555 757 629 tur3
799 547 980 612 nulla
1006 547 1298 613 Deorum
1324 546 1651 612 miracula
1692 552 1758 610 et
1808 546 2231 621 interventum
2262 542 2503 627 quibus
2530 563 2635 608 res
2673 541 2797 608 hu·-

607 671 827 717 manae
847 650 1070 714 subito
1099 651 1584 725 subvertuntur,
1615 649 1966 730 exitusque
1994 665 2210 711 novos
2238 653 2303 710 et
2330 648 2794 728 inexpectatae
2824 635 2846 658 ‘

555 748 560 756 ’
603 753 1112 830 nanciscuntu13
1153 751 1334 814 nulla
1360 751 1638 834 denique
1682 750 1974 826 oracula,
2026 769 2181 832 quae
2215 750 2637 830 ambiguitate
2667 765 2792 810 sua

603 857 889 939 primum
932 853 1228 916 homines
1263 853 1333 916 in
1378 851 1669 917 fraudem
1700 861 1949 933 agunt,
2002 850 2244 915 deinde
2292 852 2443 914 aliis
2490 848 2791 932 ejusdem

605 957 965 1038 argumenti
1015 955 1340 1018 illustrata
1385 974 1609 1017 rin-sus
1652 955 1719 1017 in
1775 959 2017 1017 rectam
2064 951 2245 1016 viam
2294 971 2410 1016 eos
2438 951 2793 1028 deducunt,

603 1057 1004 1142 tandemque
1047 1077 1260 1120 rerum
1311 1056 1440 1120 fide
1481 1058 1855 1139 probantur.
1944 1055 2169 1140 Hujus
2227 1056 2477 1137 generis
2526 1051 2795 1135 quidem

605 1165 726 1224 aut
750 1159 942 1242 plura
985 1164 1099 1220 aut
1141 1159 1363 1221 omnia
1413 1159 1770 1239 argumenti
1829 1158 2026 1234 ratio,
2084 1159 2154 1220 in
2207 1175 2339 1240 quo
2373 1155 2487 1219 Dii
2540 1159 2792 1218 tantum

603 1266 830 1345 partes
863 1260 1202 1334 sustinent,
1251 1277 1382 1322 non
1411 1257 1739 1338 admittit3
1784 1257 2209 1322 nihilominus
2236 1265 2451 1321 tamen
2481 1256 2633 1319 inde
2658 1273 2792 1319 nou

601 1366 820 1446 potest
847 1361 1090 1440 colligi,
1113 1360 1274 1424 illud
1301 1361 1517 1442 epicae
1545 1360 1923 1424 tractationi
1954 1360 2218 1424 omnino
2244 1359 2452 1424 fuisse
2476 1359 2795 1439 ineptum,

603 1483 754 1528 cum
783 1463 912 1526 hoc
941 1463 1188 1528 tantuin
1218 1463 1636 1545 exploratum
1664 1463 2049 1541 habeamuS,
2096 1464 2289 1526 finem
2336 1462 2514 1544 epici
2562 1461 2795 1524 carmi-

599 1565 707 1628 nis
753 1570 817 1626 et
869 1562 1368 1626 admirationem
1411 1582 1561 1626 esse
1613 1568 1679 1626 et
1728 1563 2259 1638 delectationem,
2298 1579 2532 1645 parum
2568 1565 2790 1623 autem

601 1665 880 1740 intersit,
909 1665 1151 1745 quibus
1181 1665 1377 1725 rebus
1403 1683 1488 1726 ea
1511 1663 1895 1741 efficiantur,
1916 1679 2059 1741 uec,
2091 1665 2251 1745 quia
2276 1662 2567 1744 vulgaris
2594 1661 2791 1736 ratio,

603 1768 672 1830 in
703 1763 1001 1828 Homero
1032 1769 1100 1831 et
1127 1763 1414 1845 Virgilio
1443 1763 1763 1842 adhibita,
1812 1765 2032 1828 locum
2076 1765 2319 1827 habeat
2358 1763 2639 1840 nullum,
2686 1779 2815 1826 sem

603 1871 857 1951 quetur,
902 1866 1078 1930 nulla
1108 1866 1375 1928 omnino
1401 1865 1474 1928 id
1503 1865 1643 1928 fieri
1684 1867 2004 1948 potuisse,
2048 1867 2177 1929 nisi
2224 1867 2501 1930 aliorum
2530 1864 2795 1946 ingenia

599 1972 828 2032 nostro
855 1966 1126 2030 modulo
1154 1967 1374 2030 metiri
1401 1969 1871 2032 sustineamus.
1961 1968 2292 2052 Iniquius,
2336 1985 2487 2032 mea
2528 1964 2789 2048 quidem

600 2067 684 2130 de
729 2067 1096 2143 sententia,
1131 2070 1694 2152 comparationem
1729 2069 2084 2135 Claudiani
2136 2089 2285 2136 cum
2331 2067 2578 2132 Ovidio
2604 2066 2791 2130 insti·

598 2170 727 2232 tuit
750 2167 1125 2245 WalchiuS,
1177 2188 1326 2232 cum
1357 2170 1463 2232 hic
1491 2170 1827 2235 diversum
1858 2173 2059 2254 plane
2102 2170 2458 2236 consilium
2486 2171 2574 2232 sit
2600 2187 2793 2233 secu-

599 2275 734 2347 tuS,
759 2269 843 2334 ad
872 2270 1046 2352 quod
1077 2271 1137 2333 si
1165 2290 1268 2346 ea,
1297 2292 1448 2354 quae
1469 2271 1759 2349 tradidit,
1787 2273 2047 2355 exigaS,
2093 2277 2298 2338 totam
2328 2269 2559 2335 Ovidii
2586 2270 2791 2333 ratio-

598 2379 746 2434 nem
769 2371 1016 2453 optime
1047 2373 1350 2458 cfionstare
1377 2392 1643 2437 mecum
1686 2375 1945 2438 senties,
2038 2374 2225 2438 Nihil
2253 2392 2413 2437 sane
2452 2373 2525 2436 in
2568 2371 2683 2435 illa
2708 2369 2794 2434 de

605 2469 864 2534 Cereris
911 2478 978 2535 et
1024 2474 1444 2556 Proserpinae
1473 2475 1627 2539 fatis
1654 2477 2167 2553 narratiuncula,
2215 2477 2408 2559 quus
2433 2475 2507 2537 in
2533 2491 2794 2536 summa

600 2571 945 2651 facilitate,
989 2593 1122 2637 non
1177 2575 1245 2638 in
1288 2574 1482 2658 epica
1523 2575 1864 2658 dignitate,
1915 2577 2065 2640 laus
2116 2575 2441 2652 consistit,
2480 2571 2791 2650 occurrit,

601 2674 800 2758 cujus
830 2695 1103 2740 causam
1144 2697 1274 2740 non
1302 2677 1555 2752 videas,
1586 2677 1777 2754 adeo,
1820 2682 1891 2742 ut
1930 2696 2065 2741 non
2093 2677 2308 2740 solum
2336 2695 2445 2738 res
2472 2680 2671 2756 gestae
2697 2675 2793 2739 le·

598 2783 861 2856 gantur,
923 2796 1152 2841 verum
1209 2779 1407 2842 etiam
1455 2779 1919 2860 intelligantur,
1978 2777 2145 2840 nihil
2196 2779 2514 2842 omissum
2562 2776 2792 2860 depre-

595 2875 865 2952 hendeS,
895 2877 1078 2959 quod
1123 2877 1210 2940 a'd
1259 2897 1468 2941 rerum
1513 2885 1849 2960 gestarum
1888 2879 2387 2942 illustrationem
2442 2875 2790 2962 pertineat.

600 2973 960 3056 Ingeniosa
1019 2984 1214 3054 certe,
1270 2983 1344 3040 ut
1388 2976 1518 3041 hoc
1596 2979 1745 3042 solo
1800 2985 1971 3057 utar,
2014 2987 2081 3044 et
2137 2979 2459 3043 naturalis
2515 2986 2617 3044 est
2673 2977 2793 3042 illa

598 3077 792 3152 ratio,
821 3095 960 3158 qua
1006 3076 1205 3140 Pluto
1235 3078 1417 3160 apud
1459 3076 1776 3142 Ovidium
1830 3080 1903 3143 in
1954 3099 2247 3144 amorem
2274 3081 2550 3161 incidit3
2606 3081 2789 3164 apud

599 3174 1028 3242 Claudianum
1057 3197 1278 3242 caecus
1301 3179 1412 3244 ille
1437 3186 1536 3243 est
1556 3187 1624 3244 et
1652 3182 1910 3246 subitus
1954 3184 2261 3264 impetuS,
2303 3203 2437 3265 qua
2480 3198 2789 3266 praeceps

595 3277 1060 3361 agitur,·cujus
1089 3299 1214 3343 nec
1267 3300 1470 3344 causa
1518 3301 1644 3344 nec
1695 3283 1865 3346 ratio
1908 3302 2029 3346 nec
2046 3283 2465 3348 incrementa
2517 3285 2787 3364 cognita

594 3382 771 3441 sunt.
863 3377 1150 3460 Frugum
1184 3399 1444 3464 quoque
1473 3383 1761 3464 repertio
1786 3388 1890 3446 est
1917 3383 2033 3446 illa
2074 3384 2338 3467 quidem
2379 3403 2481 3446 res
2510 3383 2789 3448 maximi

589 3481 926 3557 momenti,
939 3479 1114 3543 unde
1133 3482 1349 3544 omnis
1369 3484 1774 3564 ingeniorum
1794 3485 2033 3562 cultus,
2045 3503 2271 3548 omnes
2290 3493 2505 3550 coetus
2526 3485 2790 3562 civileS,

593 3583 940 3666 omnisque
995 3583 1374 3646 humanitas
1421 3586 1761 3666 originem·
1792 3586 2003 3649 duxit.
2108 3585 2237 3650 Sed
2300 3588 2589 3669 gravitas
2641 3587 2790 3671 eJus

597 3702 982 3766 summaque
1011 3681 1288 3765 dignitas
1318 3704 1452 3749 non
1483 3687 1699 3750 cuivis
1732 3688 1895 3750 satis
1946 3689 2149 3752 obvia
2192 3697 2318 3766 est,
2364 3691 2480 3752 sed
2511 3708 2792 3772 perpen-

593 3782 773 3846 denti
799 3789 1076 3862 tantum,
1097 3795 1166 3849 et
1194 3807 1442 3865 eorum,
1475 3809 1625 3870 quae
1651 3788 1799 3850 inde
1829 3794 2061 3850 secuta
2088 3796 2265 3866 sunt,
2300 3791 2535 3854 seriem
2564 3787 2788 3860 animo

591 3884 1053 3950 consideranti.
1144 3886 1323 3963 Quae
1355 3908 1506 3950 cum
1537 3889 1739 3970 paulo
1768 3891 2119 3952 remotiora
2142 3893 2297 3965 sint,
2328 3909 2453 3954 nec
2484 3891 2688 3975 poeta
2715 3893 2790 3958 id

590 3986 814 4066 egerit,
844 3993 922 4050 ut
947 3985 1096 4050 haec
1125 3987 1349 4050 lectori
1383 3995 1856 4065 succurrerent,
1906 3989 2157 4054 factum
2208 3998 2331 4067 est,
2384 3997 2455 4056 ut
2493 3998 2635 4060 tota
2678 4013 2787 4060 res

591 4085 904 4148 minorem
930 4086 1016 4151 ad
1047 4087 1340 4151 animum
1369 4089 1502 4152 vim
1529 4089 1822 4154 haberet.
1914 4090 2201 4156 Omnino
2227 4093 2459 4158 fabula
2480 4101 2583 4160 est
2604 4095 2787 4179 ejus-

590 4185 797 4266 modi,
819 4192 891 4256 ut
921 4192 1302 4258 tractantem
1331 4189 1534 4276 copia
1561 4209 1777 4256 rerum
1804 4194 2015 4275 magis
2036 4213 2240 4281 quam
2268 4195 2498 4284 inopia
2524 4201 2789 4280 urgeat3
