3184 4967
546 427 677 495 180
1279 446 1393 496 cl..
1438 442 1862 493 CLAUDIAM
1911 445 1976 492 v.

550 588 961 677 Cumysubito
986 586 1306 669 stringunt
1335 588 1614 669 gladiOS,
1648 608 1782 653 vox
1810 586 2090 670 desuper
2119 586 2350 667 ingens

547 689 926 755 Instemuit:
972 688 1044 757 N
1047 691 1195 755 obis
1226 692 1447 768 etiam,
1474 691 1835 767 deterrime,
1867 691 2058 754 nobis
2614 680 2747 749 385

556 792 855 875 Sperasti
883 791 1167 854 famulas
1199 793 1535 874 imponere
1566 810 1764 875 posse
1795 797 2058 855 catenas
2077 792 2106 852 ‘l

551 890 747 955 Unde
770 890 911 954 redi
940 893 1203 955 nescis‘t
1248 892 1545 974 patiarne
1572 894 1800 956 audire
1831 893 2118 966 satelleS,

556 991 697 1071 Qui
725 994 900 1075 leges
931 992 1105 1069 aliis,
1134 993 1638 1078 libertatemque
1667 994 1946 1057 reduxi?

552 1094 675 1159 Bis
705 1095 1023 1159 domitum
1056 1094 1256 1158 civile
1279 1096 1504 1157 nefas:
1546 1097 1655 1158 bis
1683 1097 1983 1177 rupimus
2013 1094 2246 1177 AlpeS.

548 1194 680 1259 'rot
710 1214 833 1259 nos
860 1194 1035 1258 bella
1062 1194 1303 1259 docent
1328 1196 1487 1258 nulli
1518 1194 2126 1277 serviretyrannO.⁴
2613 1190 2748 1257 390

551 1296 859 1377 Diriguit.
950 1294 1120 1378 Spes
1152 1295 1332 1359 nulla
1358 1296 1569 1377 fugae:
1617 1315 1808 1379 seges
1837 1298 2132 1379 undique
2160 1295 2313 1359 ferri

551 1395 973 1461 Circumfusa
1000 1398 1242 1461 micat:
1289 1397 1529 1461 dextra
1553 1398 1856 1480 laevaque
1881 1398 2216 1465 revinctus

550 1496 796 1574 Haesit,
820 1504 886 1561 et
914 1496 1213 1561 ensiferae
1234 1498 1493 1579 stupuit
1512 1516 1838 1562 mucrone
1864 1515 2151 1564 coronae.

552 1598 649 1664 Ut
676 1599 843 1676 fera,
875 1619 1026 1681 quae
1056 1603 1309 1662 montes
1338 1617 1543 1680 nuper
1570 1598 1822 1661 dimisit
1855 1599 2098 1675 avitoS,

550 1764 699 1827 perii,
727 1765 981 1811 consortem
1020 1761 1300 1822 dignitatis.-
1348 1776 1453 1809 cum
1500 1762 1667 1810 statim
1707 1764 1883 1811 nudant
1919 1778 2063 1813 enses.
2152 1763 2258 1811 Vox
2300 1776 2474 1821 magua
2521 1766 2754 1823 proeterea

554 1828 759 1877 insonuit
782 1842 799 1873 .·
863 1826 939 1873 Tu
990 1826 1135 1873 etiam
1187 1825 1339 1885 nobis,
1388 1825 1571 1876 Rufine
1614 1826 1826 1889 pessime,
1878 1827 2122 1883 credidisti
2147 1836 2198 1875 te
2232 1841 2364 1891 posse
2391 1825 2596 1886 injicere.
2623 1825 2755 1875 nobis

554 1893 741 1940 vincula
784 1886 1010 1937 servilia?
1053 1889 1249 1949 ignoras
1286 1890 1407 1937 unde
1445 1905 1656 1942 reversus
1697 1888 1836 1940 sum?
1883 1906 1944 1939 au
1979 1890 2132 1948 sinam
2162 1890 2390 1953 appellari
2423 1891 2623 1950 satelles,
2656 1904 2753 1952 ego

555 1956 638 2018 qui
662 1953 780 2003 dedi
825 1955 951 2014 leges
983 1952 1109 2013 aliis,
1141 1957 1188 2000 et
1226 1953 1416 2000 restitui
1454 1952 1759 2011 libertatem?
1799 1956 1982 2003 Bellum
2013 1956 2149 2004 civile
2184 1956 2255 2003 bis
2297 1970 2327 2003 a
2370 1968 2452 2003 me
2485 1958 2755 2015 superatum

556 2025 669 2067 est:
704 2018 775 2066 bis
794 2016 1033 2077 fregimus
1051 2018 1256 2065 claustra
1281 2018 1492 2079 Alpium.
1564 2019 1648 2067 Tot
1684 2018 1855 2080 proeliu
1893 2034 1976 2067 nos
2013 2021 2199 2068 edocent
2231 2019 2353 2069 nulli
2381 2018 2615 2077 famulari
2659 2018 2752 2080 Ty-

554 2096 717 2131 ranno.
754 2080 965 2130 Rufinus
986 2080 1223 2129 cohorruit
1237 2094 1253 2127 .·
1270 2083 1399 2129 nulla
1420 2088 1499 2131 est
1515 2097 1618 2143 spes
1632 2082 1827 2145 effugii.-
1859 2083 2109 2131 multitudo
2123 2086 2318 2131 telorum
2339 2082 2538 2148 undique
2559 2082 2754 2131 circum-

541 2146 675 2207 J’ecta
685 2145 874 2206 fulget:
894 2160 921 2192 a
938 2146 1127 2203 dextra,
1144 2150 1191 2192 et
1207 2160 1237 2191 a
1252 2146 1445 2193 sinistra
1461 2146 1638 2209 ligatus
1653 2147 1881 2203 constitit,
1891 2152 2030 2210 atque
2045 2146 2387 2211 obstupefactus
2402 2151 2470 2195 est
2488 2144 2752 2207 cuspidibus

550 2214 757 2262 catervae
779 2214 991 2259 armatoe.
1030 2208 1425 2265 Quemadmodum
1458 2210 1625 2273 bestia,
1661 2226 1762 2274 quoe
1777 2226 1924 2275 nuper
1944 2212 2136 2275 reliquit
2158 2213 2295 2265 colles
2308 2212 2506 2275 patr-ios,
2532 2216 2577 2259 et
2595 2212 2755 2272 cupul-

1475 2354 1529 2373 θ’
1535 2354 1825 2374 ΜΟΟΝΟΟΟΟ

558 2436 862 2487 Prie—sss
898 2439 1147 2487 deterrime
1169 2439 1253 2487 vel
1278 2436 1518 2487 teterrime
1537 2438 1662 2487 Vat.
1699 2439 1864 2502 quint.
1902 2439 2141 2489 teterrime
2177 2439 2340 2488 Gesn.
2377 2442 2432 2486 et
2465 2436 2755 2499 Βίρ.-386

460 2500 467 2506 “
556 2501 769 2550 cohortes
802 2516 893 2564 pro
938 2507 1127 2551 catenas
1166 2502 1311 2552 Med.
1344 2516 1448 2550 sec.
1470 2516 1541 2550 m.
1562 2506 1804 2563 pre—88⁷
1838 2505 1962 2552 redii
2006 2506 2128 2553 Vat.
2171 2517 2249 2565 pr.
2275 2504 2417 2551 Rott.
2445 2502 2604 2549 Oisel.
2628 2501 2752 2551 Put.

562 2566 695 2629 Reg.
718 2566 846 2615 Lov.
872 2567 1071 2614 Bonon.
1106 2564 1208 2615 duo
1240 2566 1432 2614 Petav.
1476 2564 1645 2626 nescis,
1665 2566 1773 2614 sine
1798 2573 1918 2615 nota
1936 2567 2363 2629 interrogationis,
2389 2566 2516 2614 Exc.
2538 2564 2753 2613 Gevart.

557 2630 777 2693 patiorne
818 2630 959 2680 Med.
1000 2638 1170 2695 quart.
1204 2630 1361 2679 redire
1403 2643 1499 2693 pro
1553 2629 1718 2679 audire
1754 2632 2118 2681 Thalos.—-388
2151 2632 2270 2679 alias
2322 2632 2451 2692 Reg.
2485 2628 2635 2679 Leid.
2674 2642 2754 2692 pr.

556 2694 679 2743 Vat.
698 2709 805 2742 sec.
829 2710 895 2743 m.
920 2699 1167 2757 pun—889
1198 2694 1354 2743 domui
1378 2694 1497 2743 Vat.
1536 2708 1616 2755 pr.
1656 2708 1687 2741 a
1721 2709 1785 2743 u».
1826 2710 1929 2744 sec.
1956 2695 2126 2745 Oxou.
2152 2710 2230 2758 pr.
2250 2695 2446 2743 Mazar.
2467 2694 2662 2742 Thuan.
2698 2704 2756 2742 et

556 2758 680 2807 Vat.
699 2758 869 2806 Livin.
885 2759 1043 2807 domui
1056 2760 1138 2807 vel
1157 2760 1386 2806 domitum
1403 2758 1631 2806 Florent.
1650 2760 1786 2806 civile
1795 2760 1876 2807 vel
1889 2760 2052 2807 servile
2062 2760 2182 2806 Vat.
2207 2766 2330 2806 tert.
2349 2758 2606 2819 rumpimus
2624 2758 2756 2819 Reg.

554 2821 672 2871 Pal.
696 2822 839 2869 Med.
874 2826 1205 2885 quarte-391
1240 2822 1471 2881 Deriguit
1501 2821 1623 2869 Vat.
1663 2836 1741 2882 pr.
1762 2838 1827 2869 ru.
1863 2837 1941 2883 pr.
1961 2821 2066 2879 fati
2106 2824 2225 2869 Vat.
2264 2824 2598 2884 quarn—392
2633 2822 2755 2869 nitet

557 2900 653 2949 pro
675 2886 818 2935 micat
843 2886 1013 2934 Oxou.
1038 2900 1115 2946 pr.
1138 2887 1356 2933 reductus
1378 2898 1470 2946 pro
1504 2886 1740 2931 revinctus
1759 2886 1874 2933 Pal.
1908 2886 2052 2932 Med.
2079 2900 2157 2946 pr.
2186 2884 2321 2947 quod
2359 2886 2564 2945 placere
2589 2883 2753 2934 visum

557 2949 793 3007 Heinsio,
816 2950 902 3012 qui
944 2949 1266 3009 ascripserat.
1302 2949 1376 2995 sic
1415 2947 1555 3007 alibi,
1588 2950 1603 2974 ‘
1625 2947 1762 2995 intra
1795 2950 2022 2996 claustra
2054 2947 2496 2996 r‹·duetus.'—-393
2528 2949 2753 2997 instantis

556 3014 738 3075 stupuit
779 3013 1141 3059 Romu—394
1176 3015 1355 3058 montes
1383 3024 1529 3072 nuper
1552 3010 1726 3058 Oxon.
1758 3025 1836 3073 pr.
1859 3011 1982 3060 Ald.
2001 3018 2056 3059 et
2079 3013 2161 3060 ed.
2191 3012 2358 3061 Vicet.
2391 3026 2538 3074 nuper
2575 3017 2754 3060 montes

558 3076 738 3125 decem
764 3076 869 3123 alii.
902 3076 1061 3123 amisit
1086 3074 1224 3123 Prie.
1248 3075 1391 3122 Med.
1410 3079 1577 3137 quart.
1613 3075 1795 3123 dimisit
1818 3076 1898 3123 vel
1921 3077 2082 3124 amisit
2120 3075 2222 3124 duo
2258 3077 2380 3125 Vat.
2406 3078 2528 3124 Put.
2561 3076 2750 3125 Petav.

559 3146 615 3189 et
638 3138 818 3187 Ambr.
839 3153 943 3186 sec.
963 3138 1046 3189 ed.
1071 3140 1242 3187 Parm.
1276 3138 1457 3189 dimisit
1481 3138 1661 3201 reliqui
1681 3136 1790 3186 fere
1813 3154 2008 3200 omnes,
2026 3142 2156 3189 Exc.
2183 3141 2310 3189 Cod.
2330 3142 2511 3189 Rhem.
2530 3140 2750 3189 Gevart.

557 3210 612 3252 et
634 3203 847 3252 Luceus.
885 3217 993 3251 sec.
1027 3204 1149 3251 Var.
1175 3203 1275 3251 LL.
1316 3201 1401 3249 ed.
1436 3200 1593 3251 Antv.
1615 3202 1736 3251 Ald.
1762 3210 1816 3251 et
1847 3204 2016 3253 Vicet.
2051 3205 2116 3252 ad
2147 3203 2448 3253 firmandam
2475 3205 2750 3253 lectionem

548 3266 716 3317 amisit
748 3267 992 3315 Heinsius
1016 3268 1277 3329 sequentia
1317 3265 1660 3328 ascripserat:
1711 3268 1929 3317 amittere
1971 3284 2064 3331 pro
2105 3268 2346 3317 dimittere
2381 3279 2580 3316 veteres
2614 3268 2750 3317 dice-

557 3330 703 3380 bant.
728 3331 903 3378 Plaut.
927 3331 1154 3379 Mostell.
1172 3333 1186 3357 ‘
1202 3332 1369 3381 Quom
1388 3344 1467 3377 me
1487 3330 1702 3391 amisisti
1719 3332 1806 3379 vix
1825 3347 1854 3380 a
1871 3340 1924 3381 te
1936 3334 2103 3384 vivum
2123 3333 2304 3382 modo!
2326 3334 2531 3381 Terent.
2546 3333 2752 3380 Phorm.

560 3394 683 3444 Act.
707 3408 789 3443 ιιι.
817 3396 902 3443 Sc.
928 3398 976 3443 2.
1011 3397 1026 3421 ‘
1049 3396 1179 3443 Nam
1198 3408 1362 3457 neque
1384 3409 1481 3457 quo
1500 3401 1654 3456 pacto
1675 3410 1704 3443 a
1723 3410 1801 3443 rue
1817 3397 2067 3455 amittam,
2081 3412 2248 3460 neque
2263 3406 2319 3445 ut
2337 3398 2586 3445 retineam
2607 3394 2751 3445 scio.’
2851 3454 2858 3464 ι

558 3460 755 3509 Heaut.
778 3457 897 3507 Act.
923 3472 1007 3507 ιιι.
1027 3460 1110 3506 Sc.
1133 3463 1180 3506 l.
1215 3462 1228 3485 ⁸
1248 3460 1389 3521 prius
1409 3458 1678 3519 pecuniam
1697 3473 1916 3521 omnem,
1949 3476 2100 3523 quam
2124 3464 2214 3509 abs
2240 3468 2293 3509 te
2329 3461 2532 3509 amittas
2558 3458 2752 3510 filium!

558 3525 691 3575 Haec
715 3522 987 3587 Scioppius
1009 3524 1244 3586 Suspect.
1264 3524 1413 3573 Lect.
1437 3522 1550 3570 Lib.
1569 3536 1648 3571 ιν.
1672 3524 1770 3586 Ερ.
1796 3528 1874 3573 16.
1899 3526 1983 3588 qui
2008 3524 2266 3573 Donatum
2283 3526 2410 3573 citat
2430 3524 2496 3572 ad
2519 3524 2749 3573 ultimum

1545 3653 1765 3704 NOTAE

624 3751 721 3797 386
770 3747 991 3797 Famulus
1029 3746 1242 3809 catenas]
1308 3748 1499 3799 Quales
1540 3747 1618 3797 fa·
1698 3746 1955 3797 Maximus
1986 3754 2041 3797 et
2079 3748 2342 3812 Eugenius
2376 3749 2605 3812 oppressi
2631 3754 2752 3798 sunt

558 3824 727 3883 mulis,
748 3826 930 3886 serviS,
955 3824 1173 3886 captivis
1194 3823 1506 3886 injiciuntur.
1697 3838 1726 3871 a
1749 3823 2060 3884 Theodosio,
2079 3826 2168 3873 sed
2193 3826 2334 3874 socio
2359 3825 2654 3873 Stilichone.

625 3903 720 3949 387
760 3900 894 3948 Unde
928 3900 1048 3960 redi,
1086 3898 1255 3961 nescis]
1328 3897 1511 3946 Nescis
1551 3911 1616 3944 ex
1762 3899 1855 3946 Bis
1870 3900 2082 3962 rupimus
2103 3900 2270 3962 Alpes]
2332 3900 2517 3962 Sicque
2542 3900 2658 3962 plus
2679 3898 2754 3947 fe·

560 3989 664 4038 qua
706 3976 914 4038 regione
953 3989 1049 4037 ego
1087 3974 1235 4022 miles
1273 3972 1514 4021 redeam?
1550 3986 1616 4020 ex
1695 3973 1856 4021 cimus
1881 3989 2032 4036 quam
2058 3974 2305 4032 Annibal,
2345 3974 2433 4039 qui
2473 3973 2634 4037 Alpes
2670 3988 2750 4023 se·

560 4051 771 4114 regione
794 4054 992 4099 scilicet
1038 4050 1257 4099 Honorii
1294 4058 1347 4098 et
1380 4049 1617 4098 Stilicho·
1695 4048 1798 4095 mel
1823 4049 2068 4111 trajecit.·
2717 4089 2726 4103 ,

562 4124 659 4185 nis,
693 4128 778 4189 qui
804 4124 898 4173 viri
920 4126 1100 4175 fortes.
1761 4126 1853 4171 891
1893 4124 2136 4186 Diriguit]
2157 4123 2370 4173 Rufinus
2391 4122 2515 4171 totis
2538 4120 2751 4170 artubus

622 4203 725 4249 289
758 4200 851 4248 Bis
884 4202 1112 4249 domitum
1148 4202 1283 4249 civile
1319 4198 1475 4262 nefas]
1516 4200 1618 4247 Ex·
1700 4199 2011 4261 perhorruit,
2042 4206 2198 4262 atque
2238 4203 2488 4247 concreto
2525 4196 2579 4244 in
2603 4196 2753 4247 venis

569 4272 811 4325 tissimus
856 4274 954 4325 duo
1002 4274 1139 4325 bella
1190 4275 1385 4339 civilia,
1434 4275 1619 4340 quibus
1697 4272 1964 4339 sanguine,
1987 4273 2171 4337 lapidis
2195 4273 2360 4323 instar
2379 4271 2626 4338 obriguit.
2721 4324 2728 4336 ,
