3184 4967
551 464 598 527 6
1370 479 1927 532 rRoLaooMENA

555 607 1239 694 Alexandriae'natum
1268 631 1470 710 atque
1513 629 1869 692 educatum
1897 627 2127 694 fuisse.
2217 625 2473 707 Quales
2513 645 2755 712 11111611·

555 738 657 794 tes
683 725 1004 805 habuerit,
1027 729 1400 808 nescimus3
1443 749 1486 792 a
1515 731 1761 811 quibus
1789 735 2029 806 tamen,
2060 730 2459 813 quicumque
2486 729 2755 796 tandem

555 833 653 898 illi
681 833 946 910 fuerint,
994 833 1351 896 liberaliter
1393 839 1496 897 est
1523 833 1887 913 institutus,
1981 831 2185 922 Nam,
2230 839 2306 896 ut
2336 853 2421 896 ex
2452 835 2755 898 carmini-

557 937 684 1000 bus
713 935 856 1020 ejus
885 939 1186 1017 apparet,
1227 933 1408 997 nulla
1456 933 1590 996 fere
1635 953 1737 997 res
1766 941 1892 1010 est,
1939 955 2090 1017 quae
2122 927 2387 1016 quidem
2414 934 2501 997 ad
2526 933 2754 998 huma-

562 1037 838 1103 nitatem
881 1037 1227 1118 pertineat,
1287 1055 1489 1117 quam
1535 1035 1647 1099 ille
1697 1036 1974 1099 scientia
2020 1055 2149 1098 non
2192 1036 2281 1099 sit
2312 1034 2753 1118 complexus}

559 1139 1058 1222 mythorumque
1101 1136 1542 1218 antiquitatis,
1571 1136 1877 1218 inprimis
1908 1135 2263 1214 Romanae,
2313 1137 2755 1202 diversarum-

563 1258 692 1322 que
719 1239 1041 1304 rationum
1081 1237 1697 1321 philosophicarum
1726 1238 2040 1320 cognitio,
2084 1240 2331 1321 ubique
2360 1238 2495 1302 fere
2541 1248 2758 1305 osten-

562 1347 730 1418 tata,
759 1340 1077 1416 declarat,
1122 1357 1273 1402 eum
1301 1344 1366 1402 et
1408 1340 1605 1402 bonis
1646 1339 1982 1420 magistris
2014 1358 2162 1402 esse
2190 1360 2403 1416 usum,
2450 1347 2518 1406 et
2563 1343 2633 1404 in
2677 1363 2759 1408 ea

565 1443 834 1507 civitate
882 1441 995 1505 diu
1025 1445 1376 1520 versatum,
1417 1441 1534 1505 ubi
1579 1440 1917 1504 literarum
1969 1439 2191 1504 studia
2236 1442 2529 1505 maxime
2574 1444 2757 1528 vige-

565 1549 733 1608 rent.

569 1657 578 1732 ζ
651 1643 966 1726 Quando,
1014 1665 1146 1730 quo
1178 1647 1394 1712 aetatis
1423 1665 1623 1725 anno,
1650 1650 1717 1712 et
1744 1664 2025 1731 quonam
2054 1646 2191 1710 fato
2219 1648 2286 1710 in
2315 1645 2581 1711 Italiam
2613 1667 2761 1732 per-

561 1751 833 1826 venerit,
879 1769 1118 1832 parum
1167 1743 1416 1833 liquet3'
1461 1770 1677 1832 neque
1727 1751 1941 1832 magis
1990 1755 2276 1827 constat,
2323 1769 2459 1834 qua
2508 1751 2759 1813 ratione
2794 1763 2803 1768 ·

495 1837 506 1844 “
567 1869 640 1915 se
668 1851 1063 1916 Stilichonis
1082 1855 1304 1918 tutelae
1334 1853 1829 1929 commendarit,
1871 1851 2521 1934 benevolentiamque
2573 1851 2761 1914 Sere-

566 1971 670 2016 nae
703 1953 832 2024 sibi
863 1953 1366 2036 comparaverit.
1454 1953 1698 2017 Romae
1725 1954 1911 2017 illum
1948 1952 2091 2036 jam
2134 1953 2342 2018 fuisse
2389 1952 2471 2016 A.
2502 1953 2580 2020 C.
2607 1951 2760 2018 394.

565 2053 716 2118 inde
763 2054 960 2119 facile
1005 2055 1357 2136 colligitur,
1405 2055 1586 2138 quod
1619 2075 1790 2153 anno
1821 2057 2125 2139 sequenti
2170 2056 2646 2140 panegyricum
2692 2057 2763 2118 in

569 2154 933 2221 Probinum
977 2161 1042 2219 61
1089 2155 1442 2239 Olybrium
1471 2157 1776 2220 consules
1806 2157 2151 2237 recitavit;
2199 2176 2332 2239 quo
2373 2159 2439 2220 in
2469 2158 2761 2222 carmine

572 2275 725 2320 cum
753 2257 1217 2320 liberalitatem
1247 2255 1475 2334 Probi,
1521 2259 1732 2339 patris
1761 2258 2021 2321 illorum
2048 2257 2396 2340 juvenum,
2426 2260 2763 2342 praecipue

569 2357 880 2420 laudibus
935 2357 1184 2435 efferat,
1228 2358 1370 2422 fieri
1416 2364 1657 2442 potest,
1702 2367 1776 2424 ut
1823 2360 1971 2442 ipse
1998 2379 2258 2443 quoque
2304 2361 2483 2424 illam
2515 2362 2603 2425 sit
2648 2381 2765 2425 ex-

570 2463 820 2540 pertus,
867 2460 952 2522 ab
983 2459 1240 2542 illoque,
1264 2461 1405 2523 viro
1437 2460 1786 2527 stilichoni
1815 2460 2111 2524 traditus,
2201 2457 2415 2544 Cujus
2445 2462 2567 2524 viri
2603 2482 2765 2545 quo-

569 2561 753 2634 niam
809 2561 876 2624 in
930 2561 1047 2624 illo
1101 2561 1410 2636 carmine,
1458 2563 1573 2625 ubi
1622 2560 1703 2623 de
1745 2561 1944 2624 rebus
2001 2562 2201 2644 gestis
2248 2561 2612 2626 Theodosii
2664 2561 2764 2627 M.

572 2679 786 2726 sermo
815 2665 939 2736 est,
983 2662 1164 2725 nulla
1193 2662 1439 2726 mentio
1481 2663 1598 2740 fit,
1626 2682 1820 2746 quem
1850 2662 2014 2726 alibi
2042 2661 2305 2726 induxit
2333 2662 2764 2745 profitentem,

573 2783 648 2826 se
675 2763 839 2826 nihil
869 2763 1008 2826 sine
1037 2764 1216 2826 illius
1243 2782 1447 2846 opera
1467 2765 1751 2844 gessisse
1775 2785 1792 2842 ;
1837 2763 2119 2828 fortasse
2148 2771 2296 2827 ante
2322 2763 2766 2848 hujus‘Impe-

571 2863 806 2928 ratoris
835 2868 1130 2940 mortem,
1179 2882 1330 2943 quae
1362 2863 1611 2928 accidit
1652 2861 1741 2926 A.
1768 2861 1849 2926 C.
1872 2864 2025 2938 395.
2073 2863 2139 2926 in
2164 2931 2169 2934 ,
2190 2863 2573 2929 Stilichonis
2600 2869 2767 2929 tute-

573 2965 711 3032 lam
739 2984 873 3035 11011
910 2969 1013 3028 est
1059 2970 1386 3048 receptus.
1440 3036 1447 3045 p,
1473 2963 1612 3028 Sed
1629 2964 1799 3049 ,belli
1831 2968 2062 3026 contra
2104 2961 2469 3044 Eugenium
2510 2967 2771 3046 poterat

575 3070 916 3149 spectator
941 3085 1116 3142 esse,
1165 3065 1393 3154 saltem
1423 3049 1511 3128 ex
1538 3065 1953 3148 propinquo3
1997 3084 2149 3127 nam
2187 3057 2371 3129 illu'm
2418 3066 2487 3128 in
2529 3067 2770 3130 castris

577 3187 845 3251 quoque
895 3187 1042 3232 esse
1099 3173 1484 3245 versatum„
1507 3166 1691 3232 nullo
1740 3167 1938 3231 modo
1982 3172 2202 3249 potest
2230 3167 2512 3250 probari.
2603 3166 2773 3232 Post

574 3272 826 3337 obitum
885 3277 1103 3335 autem
1165 3263 1525 3334 Theodosii
1596 3269 1697 3334 M.
1760 3269 2212 3334 Mediolanum
2276 3287 2347 3330 se
2418 3269 2771 3333 contulisse

575 3377 774 3457 atque
802 3374 871 3436 in
903 3373 1284 3438 Stilichonis
1327 3373 1595 3439 cohorte
1634 3373 1719 3436 ab
1770 3372 1886 3436 illo
1922 3370 2072 3433 inde
2113 3375 2405 3451 tempore
2431 3367 2641 3432 fuisse
2672 3369 2773 3433 vi·-

547 3473 803 3556 detur3
847 3493 1045 3556 quem
1073 3473 1310 3550 virum,
1355 3477 1510 3536 tunc
1561 3473 2005 3556 principatum
2030 3472 2423 3535 obtinentem
2472 3472 2539 3534 in
2565 3489 2773 3554 expe-

537 3574 958 3652 ditionibus,
999 3574 1225 3639 forsan
1267 3579 1536 3639 secutus
1579 3581 1703 3638 est.
1795 3574 1955 3656 Ipse
2000 3573 2173 3636 enim
2224 3578 2501 3636 testatur
2544 3575 2612 3636 in
2656 3572 2779 3636 illa

576 3677 888 3764 carminis
915 3677 1319 3759 prolusione,
1365 3695 1496 3758 quo
1527 3676 1910 3739 consulatus
1960 3672 2349 3739 Stilichonis
2388 3673 2773 3748 celebratur,

575 3799 652 3843 se
682 3799 802 3862 per
815 3779 1346 3874 quinquennium
1377 3777 1604 3839 Roma
1632 3775 1951 3837 abfuisse.
2042 3773 2211 3837 Cum
2248 3775 2447 3854 igitur
2494 3773 2774 3837 Stilicho

579 3881 812 3944 consul
837 3880 1034 3942 fuerit
1063 3867 1144 3940 A.
1177 3876 1256 3942 C.
1287 3879 1474 3940 4004
1523 3878 1843 3958 sequitur,
1891 3883 1963 3938 ut
1990 3874 2100 3938 ille
2130 3895 2201 3938 se
2252 3875 2469 3937 Rom'a
2516 3873 2776 3938 Medio

576 3982 802 4046 lanum
831 3980 1173 4044 contulerit
1206 3975 1288 4039 A.
1318 3977 1394 4041 C.
1417 3977 1607 4040 395·
1589 4024 1608 4056 ,
1655 3996 1789 4059 quo
1820 3995 2011 4054 anno,
2042 3984 2117 4040 ut
2146 3995 2347 4058 supra
2378 3978 2773 4051 monuimuS,

575 4081 914 4149 Probinus
961 4089 1026 4141 et
1057 4077 1368 4161 Olybrius
1401 4079 1726 4152 ,consules
1778 4078 2064 4155 fuerunt,
2094 4084 2162 4143 et
2202 4077 2622 4142 Theodosius
2670 4075 2773 4140 M.

577 4190 878 4248 mortuus
925 4191 1042 4245 est.
1135 4179 1444 4249 Honores
1477 4200 1766 4267 quoque,
1812 4181 2059 4263 quibus
2090 4188 2359 4244 ornatus
2388 4187 2509 4257 est,
2556 4185 2775 4243 osten-

580 4285 762 4364 dunt,
807 4294 1012 4367 quam
1055 4301 1248 4346 carus
1297 4283 1490 4349 fuerit
1529 4283 1904 4357 fautoribus
1952 4283 2113 4348 suiss.
2206 4281 2367 4350 Fuit
2406 4282 2585 4349 enim
2624 4277 2779 4344 Tri-

1334 4623 1370 4639 Ὺ
