3184 4967
595 369 682 438 16
1412 385 1975 438 PnonnoonnsA

586 527 870 612 ejusque
923 526 1168 604 causis,
1219 526 1304 605 si,
1347 542 1502 610 quae
1553 533 1709 592 ante
1764 526 1949 596 dicta
1998 533 2173 606 sumt,
2218 531 2543 597 memoria
2590 538 2794 610 tenes,

587 629 770 696 haud
811 633 912 692 est
959 627 1276 699 difficilis.
1361 629 1615 694 Totum
1658 634 1761 694 est
1806 631 2227 710 declamatio,
2280 653 2433 716 quae
2484 636 2798 700 carminis

583 732 878 814 speeiem
905 732 1239 796 assumsit.
1327 729 1554 814 Atque
1597 732 1725 797 hoc
1771 735 2119 816 praecipue
2170 735 2323 799 inde
2366 740 2472 799 est
2516 737 2793 815 factum,

589 832 773 914 quod
802 833 920 896 illa
943 834 1260 912 carmina,
1283 853 1370 898 ex
1393 835 1807 900 orationibus
1830 836 2247 920 panegyricis
2276 843 2797 917 nata,}naturam

583 935 862 1017 originis
893 955 1034 1002 suae
1061 941 1423 1002 traxerunt.
1513 936 1749 1001 Sermo
1792 936 1971 1000 enim
2008 938 2298 1016 solutus,
2348 957 2625 1004 numero
2668 959 2799 1024 po-

588 1034 764 1102 etico
793 1037 1114 1115 adhibito,
1134 1105 1150 1120 ,
1163 1038 1772 1121 comparationibus
1819 1043 1888 1102 et
1928 1039 2333 1120 imaginibus
2376 1041 2670 1104 crebrius
2698 1041 2797 1105 in—

589 1136 831 1218 ductis,
859 1140 926 1204 in
951 1139 1314 1222 poeticum,
1345 1160 1388 1204 a
1417 1159 1553 1222 quo
1583 1145 1741 1205 tunc
1793 1139 2109 1222 temporis
2152 1143 2223 1204 in
2266 1142 2701 1220 orationibus»,
2735 1144 2795 1208 si

450 1269 460 1282 =
586 1259 936 1307 numerum
964 1242 1292 1326 excipias,
1339 1243 1514 1308 haud
1543 1243 1829 1308 multum
1866 1243 2281 1321 abhorrebat,
2327 1249 2623 1308 mutatus
2653 1249 2793 1322 est3

587 1341 1024 1427 libertateque
1051 1352 1366 1421 assumta,
1411 1364 1548 1426 qua
1589 1345 1662 1407 in
1702 1345 1902 1420 rebus
1946 1344 2359 1426 exponendis
2403 1343 2623 1427 poetae
2670 1345 2797 1410 soli

577 1445 688 1510 ..uti
715 1450 1024 1527 possunt,
1067 1446 1329 1528 species
1361 1445 1629 1529 quidem
1662 1447 1974 1510 carminis
2016 1452 2169 1510 nata
2210 1450 2335 1523 est,
2390 1447 2503 1510 cui
2550 1451 2794 1524 tamen,

587 1547 652 1612 si
680 1547 864 1610 illius
889 1550 1194 1610 naturam
1219 1551 1504 1629 spectes,
1533 1545 1914 1632 hujusmodi
1944 1553 2395 1629 argumentum
2424 1565 2666 1630 parum
2696 1554 2797 1612 est

587 1647 1186 1722 accommodatum.
1277 1647 1541 1712 Etenim
1569 1649 1886 1712 carminis
1914 1649 2087 1711 ratio
2113 1648 2261 1713 haec
2292 1655 2417 1725 est,
2465 1654 2543 1712 nt
2580 1648 2798 1713 diver-

585 1769 689 1828 sa,
719 1768 870 1832 quae
900 1748 1018 1814 illo
1047 1748 1528 1826 contineantur,
1569 1753 1783 1814 totum
1832 1748 2105 1831 aliquod
2152 1751 2507 1814 conficiant
2545 1752 2618 1814 in
2662 1769 2789 1814 suo

587 1869 820 1934 genere
862 1848 1223 1932 perfectum
1271 1855 1476 1934 atque
1519 1849 1931 1926 absolutum,
1976 1851 2175 1933 cujus
2220 1852 2341 1915 illa
2392 1858 2621 1935 partes
2664 1853 2799 1916 sint

583 1957 784 2036 ,astque
831 1933 1148 2028 memb'ra,
1195 1970 1478 2034 quorum
1517 1951 1774 2015 nullum
1820 1951 2013 2015 salva
2060 1953 2546 2034 conspiratione
2594 1953 2798 2018 totius

583 2054 800 2138 possit
826 2053 1080 2118 deesse.
1171 2053 1306 2138 Illa
1347 2059 1566 2118 autem
1596 2073 1813 2117 rerum
1858 2055 2167 2130 varietas,
2218 2073 2374 2136 quae
2410 2053 2797 2137 huiusmodi

587 2155 879 2220 carmine
907 2155 1416 2236 complectenda
1441 2161 1562 2233 est,
1603 2156 1731 2220 hoc
1762 2175 1889 2220 uno
1918 2156 2221 2234 cohaeret,
2252 2153 2433 2239 quod
2464 2155 2551 2220 ad
2588 2159 2796 2220 unum

585 2261 873 2339 spectat,
904 2275 1024 2320 seu
1056 2255 1145 2321 ad
1170 2255 1409 2320 laudes
1435 2257 1633 2320 unius
1660 2256 1965 2339 pertinet.
2054 2255 2275 2320 Etiam
2316 2257 2455 2334 ille,
2503 2257 2619 2338 qui
2646 2256 2797 2322 lau-

587 2357 740 2433 dat„
770 2357 1022 2422 nullum
1063 2356 1264 2422 habet
1305 2359 1374 2422 in
1415 2358 1611 2422 rebus
1662 2355 2079 2422 celebrandis
2112 2357 2395 2420 liberum
2438 2356 2792 2432 delectum,

583 2479 802 2544 neque
853 2461 1206 2543 quicquam
1251 2461 1338 2525 ad
1372 2459 1721 2524 consilium
1754 2477 1945 2523 snum
1975 2460 2193 2523 minus
2219 2459 2794 2524 accommodatum

583 2561 730 2626 sine
759 2562 1118 2626 offensione
1147 2567 1366 2646 potest
1391 2562 1778 2644 relinquere,
1808 2562 2177 2644 praesertim
2221 2562 2289 2623 in
2316 2579 2533 2626 rerum
2579 2566 2796 2643 gesta-

583 2683 734 2728 mm
759 2663 1016 2746 inopia,
1061 2669 1152 2741 et,
1198 2664 1458 2728 etiamsi
1487 2663 1618 2728 hoc
1667 2665 1909 2746 possit,
1940 2669 2160 2727 tamen
2202 2682 2335 2726 non
2382 2681 2645 2744 semper
2690 2680 2793 2724 res

585 2765 694 2829 vel
719 2785 840 2847 per
869 2785 942 2828 se
985 2767 1098 2832 vel
1142 2787 1233 2830 ex
1276 2766 1619 2830 hominum
1648 2785 1851 2830 sensu
1880 2771 1947 2829 et
1986 2764 2462 2828 consuetudine
2506 2762 2797 2826 maxime

583 2865 1078 2947 memorabiles,
1133 2887 1232 2930 eae
1293 2887 1562 2949 quoque
1616 2872 1789 2944 sunt,
1850 2885 2003 2948 quae
2060 2864 2397 2947 poeticam
2466 2863 2796 2926 stactandi

581 2967 912 3032 rationem
929 2968 1250 3034 facillime
1279 2967 1648 3030 admittant.
1737 2965 1951 3030 Simul
1994 2973 2267 3046 cogetur
2300 2963 2547 3046 saepins
2587 2962 2797 3046 poeta

583 3068 796 3148 illius,
817 3091 1017 3153 quem
1047 3069 1300 3144 laudat,
1343 3069 1911 3132 existimationem
1954 3065 2292 3148 cogitandi
2338 3065 2794 3148 sentiendique

584 3172 906 3236 rationem
957 3172 1170 3253 sequi,
1219 3189 1422 3252 quam
1470 3169 1568 3232 rei
1614 3175 1919 3232 naturam
1962 3174 2031 3232 et
2076 3168 2411 3244 carminiS,
2458 3169 2553 3232 ita
2593 3171 2667 3230 ut
2710 3167 2796 3230 iis

583 3274 998 3355 potissimum
1057 3275 1300 3347 utatur,
1357 3271 1597 3352 quibus
1655 3269 1765 3334 ille
1819 3271 2109 3334 maxime
2164 3269 2508 3352 superbire
2562 3268 2795 3332 soleat.

584 3370 805 3436 Poeta
848 3391 1073 3453 porro,
1115 3373 1248 3436 nisi
1292 3371 1745 3453 magnitudine
1787 3391 2005 3434 rerum
2046 3377 2113 3433 et
2158 3369 2595 3451 amplitudine
2646 3368 2801 3450 ipse

583 3472 950 3548 incaluerit,
990 3473 1246 3536 animos
1284 3492 1532 3548 eorum,
1575 3491 1619 3534 a
1647 3472 1888 3555 quibus
1934 3473 2039 3536 vel
2080 3470 2345 3534 auditur
2386 3471 2493 3533 vel
2534 3469 2794 3551 legitur,

551 3570 720 3640 'non
759 3579 980 3656 potest
1007 3572 1390 3638 accendere.
1483 3571 1621 3637 Sed
1660 3573 1821 3656 quid
1852 3593 2001 3637 esse
2029 3579 2287 3655 poterat
2310 3572 2381 3634 in
2412 3589 2641 3654 puero,
2671 3569 2795 3633 vix

581 3674 938 3740 duodecim
967 3694 1180 3740 annos
1207 3681 1388 3752 nato,
1417 3680 1815 3756 magnopere
1856 3673 2289 3747 laudandum,
2336 3691 2489 3752 quae
2516 3672 2793 3732 virtutes

583 3775 968 3850 Stilichonis
1021 3777 1092 3838 in
1137 3775 1640 3840 admirationem
1686 3776 1793 3836 sui
1836 3793 2089 3856 rapere,
2137 3793 2290 3836 cum
2336 3772 2499 3834 nihil
2543 3789 2793 3847 eorum,

580 3896 739 3960 quae
769 3876 1036 3954 faceret,
1081 3877 1168 3940 ad
1212 3875 1554 3958 publicam
1598 3875 1969 3952 utilitatem,
1995 3875 2157 3939 nihil
2184 3895 2315 3938 non
2343 3874 2428 3935 ad
2458 3890 2583 3934 sua
2610 3891 2794 3950 com-

581 3978 784 4044 moda
811 3979 1077 4044 referret
1099 3980 1131 4041 'l
1217 3977 1301 4039 Id
1351 3977 1548 4057 igitur
1596 3975 1807 4039 solum
1852 3977 2144 4040 restabat
2188 3972 2432 4057 poetae,
2480 3981 2551 4035 ut
2588 3972 2794 4036 animi

581 4082 832 4154 mirus»,
877 4081 1124 4162 quibus
1175 4081 1324 4163 ipse
1348 4079 1665 4156 xcarebat,
1714 4085 1853 4142 arte
1911 4077 2271 4141 simularet.
2362 4074 2518 4138 Non
2562 4077 2795 4164 potest

579 4184 816 4252 mmm
833 4181 1000 4259 fieri,
1045 4189 1120 4246 ut
1155 4183 1374 4248 omnis
1423 4182 1588 4247 artis
1642 4181 2003 4248 ostentatio
2043 4179 2185 4242 ‘eos
2232 4195 2469 4241 sensus
2517 4175 2791 4252 excitat,
