3184 4967
573 433 664 500 22
1388 445 1952 498 rnonncomnNA

575 593 758 658 tandi
788 589 1074 656 studium
1104 587 1324 674 poetae
1353 590 1780 672 imposuerat,
1826 606 2054 654 verum
2091 585 2209 651 illa
2254 587 2477 652 omnia
2504 587 2765 652 exordii

574 700 834 759 tantum
856 695 1038 758 vices
1068 694 1422 769 sustinent,
1453 693 1813 775 statimque
1856 685 2348 771 cognoscimuS,
2388 689 2659 773 po'etam
2699 691 2767 752 in

576 796 798 879 animo
826 795 1094 870 habere,
1138 795 1297 858 nihil
1348 795 1868 878 praetermittere,
1914 792 2097 875 quod
2144 792 2523 855 memoriam
2572 791 2766 855 istius

571 895 860 961 hominis
904 897 1127 978 aliqua
1177 885 1428 961 ratione
1489 897 1708 979 possit
1759 894 2123 958 diffamare.
2213 893 2463 976 Incipit
2510 895 2685 956 enim
2726 911 2769 956 a

575 997 795 1082 prima
825 998 1134 1080 pueritia,
1165 1017 1374 1080 eaque
1418 998 1646 1074 etiam,
1692 1013 1847 1080 quae
1878 997 2155 1060 sortunae
2192 994 2469 1071 fuerant,
2516 1011 2767 1079 suaque

574 1103 814 1164 natura
840 1099 1328 1161 miserationem
1358 1099 1580 1180 potius
1609 1117 1809 1180 quam
1852 1097 2169 1161 invidiam
2208 1114 2470 1160 movere
2518 1095 2763 1172 solent,

575 1216 837 1264 summa
885 1199 1368 1264 inhumanitate
1411 1201 1521 1262 vel
1578 1201 1803 1282 potius
1856 1199 2243 1263 crudelitate
2299 1197 2369 1260 in
2406 1197 2783 1260 ludibrium·

569 1303 765 1366 istius
817 1302 1104 1379 adhibet,
1162 1301 1448 1383 dumque
1499 1321 1581 1365 ea
1620 1304 1730 1366 vel
1780 1309 1999 1366 mente
2044 1301 2287 1366 recolit
2334 1302 2441 1366 vel
2491 1299 2763 1384 effingit,
2868 1324 2873 1328 ·

571 1406 749 1469 velut
797 1405 1146 1468 laetissimo
1203 1403 1592 1485 spectaculo
1664 1403 1793 1470 frui
1843 1403 2151 1469 -videtur.
2238 1403 2349 1470 Ex
2399 1403 2505 1468 his
2562 1407 2761 1468 rebus

571 1503 806 1570 ‘saeculi
865 1525 1088 1568 mores
1150 1523 1540 1585 cognoscaS,
1589 1506 1835 1587 quibus
1880 1505 2045 1568 talia
2086 1506 2351 1587 placere
2401 1505 2758 1588 potuerint.

571 1606 652 1669 In
682 1607 1135 1689 sequentibuS‚
1165 1605 1284 1668 ubi
1313 1605 1520 1668 vitam
1569 1604 1886 1687 spadonis
1930 1625 2139 1688 usque
2180 1605 2267 1669 ad
2316 1611 2584 1670 aetatem
2616 1606 2763 1690 ejus

571 1707 905 1770 exoletam
960 1706 1407 1788 prosequitur,
1463 1706 1666 1769 talem
1716 1707 2091 1782 verborum,
2153 1707 2651 1783 sententiarum,
2695 1710 2765 1769 et

572 1807 1074 1870 similitudinum
1103 1806 1432 1869 delectum
1454 1806 1671 1883 habet,
1702 1812 1782 1869 ut
1812 1825 1898 1870 ex
1948 1808 2155 1870 altera
2197 1814 2391 1889 parte
2430 1805 2761 1888 ingenium

567 1909 851 1985 mireriS,
883 1927 970 1970 ex
1024 1909 1236 1972 altera
1281 1909 1530 1986 doleaS,
1591 1908 1838 1972 donum
1883 1909 2048 1972 illu—d
2100 1915 2351 1972 naturae
2401 1909 2473 1970 in
2514 1927 2583 1970 re
2625 1915 2763 1970 tam

573 2009 750 2091 turpi
799 2027 944 2071 esse
1005 2014 1447 2072 consumtum.
1536 2008 1903 2090 Imaginem
1962 2010 2141 2072 enim
2197 2010 2425 2072 miseri
2471 2009 2763 2073 hominis

570 2109 874 2172 videmus
904 2111 1212 2172 omnibus
1241 2110 1533 2172 numeris
1584 2111 1976 2188 absolutam,
2038 2116 2111 2174 ut
2142 2111 2239 2174 ad
2285 2111 2653 2174 foeditatem
2698 2114 2763 2171 et

573 2208 1086 2272 obscoenitatem
1117 2209 1277 2271 nihil
1308 2211 1524 2290 possit
1553 2210 1736 2274 addi.
1828 2209 2292 2293 Quaecumque
2319 2211 2502 2275 mala
2532 2229 2763 2274 senec-

571 2315 680 2372 tus
711 2309 1147 2391 decrepitaet
1175 2311 1474 2392 neglecta
1535 2310 1789 2389 afferat,
1838 2313 1907 2376 in
1951 2315 2149 2376 istam
2197 2318 2397 2376 aucta
2446 2313 2647 2376 etiam
2692 2315 2765 2374 et

567 2409 976 2490 amplificata
1025 2416 1346 2491 congesta
1388 2418 1563 2476 sunt.
1658 2412 1791 2476 Sed
1839 2415 2021 2495 piget
2070 2413 2223 2477 istis
2260 2413 2467 2476 rebus
2512 2412 2761 2476 diutius

565 2509 926 2586 immorari,
957 2509 1023 2573 in
1047 2512 1314 2594 quibus,
1347 2519 1668 2594 quantum
1700 2514 1824 2578 arti
1854 2515 2079 2579 tribuit
2106 2514 2329 2597 poeta,
2376 2518 2629 2577 tantum
2674 2513 2759 2574 ab

565 2607 973 2674 humanitate
1005 2611 1353 2690 discessit3
1399 2617 1466 2675 et
1493 2634 1649 2695 quae
1682 2613 1865 2678 dicta
1909 2620 2081 2694 sunt,
2124 2619 2413 2697 possunt
2449 2613 2757 2677 sufficere

566 2710 656 2773 ad
688 2710 1189 2790 ostendendum,
1222 2714 1468 2794 quibus
1510 2715 1929 2782 lineamentis
1978 2725 2044 2782 et
2078 2718 2416 2801 coloribus
2462 2733 2629 2778 usus
2672 2714 2762 2776 sit

564 2811 634 2874 in
673 2808 1073 2888 adversariis
1103 2813 1584 2893 describendiS,
1618 2837 1751 2900 qua
1791 2819 1863 2880 in
1899 2839 1972 2881 re
2012 2837 2145 2880 non
2174 2817 2452 2891 dubitat,
2498 2833 2758 2877 omnem

563 2911 1062 2993 probabilitatis
1088 2913 1300 2995 legem
1330 2918 1635 2998 migrare,
1667 2919 2023 2982 dummodo
2064 2926 2275 2995 curet,
2297 2935 2380 2980 ne
2410 2913 2759 2999 turpitudi-

541 3031 648 3076 ·ne
679 3013 904 3098 aliqua
931 3015 1188 3096 vulgari
1219 3017 1513 3100 insignes
1545 3021 2067 3103 conspiciantur.

651 3113 1160 3195 Progrediamur
1191 3119 1277 3180 ad
1309 3120 1573 3183 tertium
1614 3140 1843 3201 genus,
1885 3139 2019 3204 quo
2046 3121 2294 3184 bellum
2324 3117 2755 3182 Gildonicum

562 3221 632 3278 et
655 3213 965 3279 Geticum
999 3219 1395 3284 continetur.
1485 3220 1566 3284 In
1598 3241 1729 3304 quo
1763 3241 1913 3286 cum
1952 3240 2243 3304 persona
2271 3221 2377 3284 vel
2419 3217 2757 3283 laudanda

560 3316 669 3378 vel
695 3316 1130 3397 vituperanda
1158 3337 1295 3382 non
1313 3321 1403 3382 sit
1431 3323 1800 3404 proposita,
1827 3319 1945 3386 sed
1976 3341 2082 3384 res
2109 3328 2303 3402 gesta
2327 3316 2753 3401 exponenda,

551 3414 701 3499 jure
772 3418 1116 3497 potuisses
1184 3426 1571 3502 expectare,
1631 3421 1958 3485 rationem
2014 3420 2278 3504 epicam
2328 3418 2752 3502 potissimum

557 3514 770 3580 fuisse
802 3517 1189 3582 adhibitam.
1277 3521 1531 3584 Verum
1562 3523 1845 3586 multum
1875 3521 2166 3601 falleris;
2195 3539 2349 3584 nam
2394 3520 2461 3581 in
2490 3516 2752 3581 duobus

557 3617 694 3680 illis
720 3620 1126 3684 carminibus
1168 3617 1450 3688 actionis
1503 3630 1607 3689 est
1653 3643 1913 3706 parum,
1961 3622 2379 3705 nimiumque
2420 3619 2755 3681 dec-lama·

560 3720 795 3786 tionis,
887 3721 1005 3784 Dii
1035 3723 1308 3804 quidem
1331 3731 1398 3788 et
1423 3725 1728 3788 homines
1754 3726 2135 3808 complures
2178 3725 2247 3786 in
2296 3736 2561 3785 scenam
2596 3736 2752 3798 pro-

561 3820 791 3898 deunt,
851 3822 970 3885 sed
1021 3822 1415 3904 plerumque
1457 3831 1545 3888 ‚ut
1607 3827 1823 3908 pueri,
1856 3826 1973 3908 qui
2026 3824 2367 3888 orationes
2410 3818 2751 3882 memoriae

559 3923 916 3986 mandatas
947 3931 1100 3986 ante
1130 3924 1436 4004 magistri
1468 3925 1847 3989 cathedram
1864 3927 2169 3988 recitant.
2217 3922 2375 3985 Hoc
2403 3920 2749 4001 praecipue

559 4021 784 4086 locum
804 4023 1004 4090 habet
1025 4023 1096 4086 in
1119 4026 1407 4088 carmine
1432 4043 1585 4105 XV„
1605 4029 1767 4110 quia
1783 4026 1901 4091 illa
1921 4045 2102 4111 parS,
2122 4043 2272 4107 quae
2302 4020 2748 4086 narrationem

559 4122 1008 4205 expeditionis
1069 4125 1475 4204 continebat,
1533 4127 1680 4192 fato
1742 4127 2103 4192 intercidit.
2193 4123 2428 4186 Mirari
2480 4137 2751 4203 quoque

556 4221 688 4308 hoc
743 4224 993 4308 possis,
1039 4225 1219 4308 quod
1257 4219 1329 4292 in
1367 4230 1655 4295 carmine
1710 4244 1936 4293 xxvi.
1964 4223 2377 4292 Claudianus
2434 4221 2600 4286 illud
2659 4220 2748 4286 ad
