3184 4967
514 398 649 471 278.

519 556 873 622 Attonitos
901 556 1134 620 humili
1164 554 1393 637 Reges
1425 554 1688 618 cervice
1719 552 2006 618 videres.

522 658 705 723 Ante
737 658 971 723 ducem
1002 662 1301 721 nostrum
1330 657 1573 721 flavam
1604 674 1912 739 sparsere
1941 652 2296 737 Sygambri

1214 412 1328 461 οι..
1374 410 1805 483 maumam
1855 412 2024 463 vm.

514 758 905 837 caesariem,
936 760 1324 843 pavidoque
1358 764 1622 823 orantes
1650 775 1978 820 murmure
2015 756 2257 821 Franci

514 860 945 925 Procubuere
990 859 1158 924 solo.

1247 859 1294 923 J
1296 864 1521 923 uratur
1554 858 1902 921 Honorius
1933 859 2201 932 aboena,

519 960 979 1045 Imploratque
1011 968 1194 1024 tuum
1226 959 1522 1042 supplex
1562 956 1962 1022 Alamannia
1991 974 2256 1019 nomen.

518 1062 866 1127 Bastamae
898 1080 1139 1126 venere
1170 1066 1438 1139 truces;
1485 1059 1670 1123 venit
1691 1060 1932 1122 accola
1963 1058 2176 1141 sylvae

521 1156 885 1227 Bructerus
918 1161 1316 1244 Hercyniae:
1358 1160 1646 1241 latisque
1685 1160 2046 1240 paludibus
2067 1161 2209 1223 exit

526 1259 880 1346 CymbruS,
915 1270 983 1325 et
1010 1260 1313 1357 ingentes
1335 1258 1543 1323 Albin
1572 1259 1828 1341 liquere
1853 1258 2203 1323 Cherusci.

514 1410 666 1472 capite
686 1410 947 1457 accelerare
960 1424 1050 1471 per
1064 1408 1473 1472 munemflavium.
1542 1406 1788 1473 Sycambn·
1833 1408 2098 1471 effuderant
2131 1410 2282 1457 crines
2306 1406 2544 1470 fluentes
2562 1421 2720 1456 eoram

518 1475 728 1522 Duc-tore
750 1477 925 1532 nostro,
948 1478 995 1520 et
1014 1473 1149 1521 Gaui
1168 1474 1485 1536 supplicantes
1514 1488 1704 1521 murro
1725 1473 1914 1533 timido,
1935 1474 2162 1535 prostrati
2175 1478 2283 1521 sunt
2303 1472 2447 1521 hami.
2513 1472 2722 1521 Juratnr·

516 1538 568 1585 in
592 1552 774 1585 nomen
804 1537 1009 1585 Honorii
1031 1536 1251 1596 absentis,
1267 1542 1314 1585 et
1337 1537 1622 1585 Alamannia
1655 1538 1845 1584 humilis
1866 1539 2047 1585 invocat
2069 1553 2232 1585 nomen
2249 1542 2397 1585 tuum.
2469 1536 2722 1583 Bastarna

514 1602 719 1649 immites
730 1602 1017 1649 advenerant
1038 1617 1054 1648 .·
1086 1601 1310 1649 Bructeri
1330 1602 1497 1652 ιιι-σοῖο
1516 1603 1666 1663 sylves
1685 1594 1938 1665 Hercyniae
1961 1604 2264 1660 advenerunt,
2284 1605 2331 1648 et
2367 1598 2549 1647 Cimbri
2586 1612 2718 1659 egre-

512 1666 709 1713 diuntur
726 1679 755 1713 e
773 1664 1025 1728 paludibus
1046 1665 1304 1726 immensis,
1342 1680 1398 1713 ac
1427 1666 1651 1713 Cherusci
1686 1666 1869 1728 proceri
1895 1668 2136 1714 deseruere
2157 1664 2318 1715 Albin.
2384 1664 2474 1712 Ine
2501 1662 2716 1713 Stilicho

1438 1774 1582 1794 0606&

512 1852 603 1899 ges
638 1838 768 1888 Exc.
808 1840 958 1889 Voss.
996 1839 1195 1891 Thuan.
1252 1841 1410 1902 Reges
1430 1840 1599 1890 humili
1623 1856 1803 1890 novem
1827 1840 2100 1891 auh—446
2131 1844 2337 1889 vestrum
2357 1840 2480 1888 Var.
2502 1836 2610 1888 LI..
2633 1834 2718 1886 ed·

519 1901 680 1959 Autv.
706 1903 833 1966 flavi
858 1904 997 1952 Prie.
1032 1903 1207 1963 fudere
1230 1905 1407 1953 Ambr.
1431 1920 1510 1968 pr.
1537 1905 1637 1954 inc.
1669 1906 1846 1955 Heius.
1893 1905 2078 1955 Sched.
2122 1904 2259 1956 Gud.
2299 1902 2552 1968 Sygambri
2595 1900 2718 1951 vat·-

521 1974 691 2029 quart.
716 1969 844 2015 Exc.
864 1968 1085 2016 Lucens.
1108 1984 1212 2018 sec.
1262 1969 1498 2017 Sicambri
1520 1968 1707 2018 Sched.
1739 1970 2042 2019 Gud.—-447
2075 1970 2383 2031 pavidamque
2403 1967 2590 2017 Petav.
2611 1980 2715 2015 sec.

552 2032 773 2093 avidoque
817 2031 899 2078 vel
931 2032 1195 2095 tumidoque
1232 2033 1424 2083 numine
1450 2033 1565 2083 inc.
1606 2032 1789 2082 Heius.
1841 2040 2052 2082 errantes
2081 2035 2216 2083 Prie.
2272 2032 2448 2081 Franci
2472 2028 2720 2089 velsracti

565 2102 703 2142 etav.
726 2110 805 2157 pr.
834 2095 990 2154 fracti
1015 2096 1161 2145 Leid.
1181 2113 1210 2145 a
1228 2112 1295 2147 m.
1319 2102 1521 2147 s.-—448
1556 2098 1759 2147 miratur
1782 2113 1942 2161 marg.
1961 2099 2311 2161 ωορκ-449
2343 2112 2476 2145 suum
2496 2096 2620 2144 Vat.
2641 2108 2720 2156 pr.

514 2163 569 2206 et
590 2166 758 2221 quart.
784 2159 934 2207 Farn.
975 2160 1159 2209 Petav.
1196 2175 1274 2223 pr.
1318 2162 1519 2224 simplex
1559 2162 1682 2211 Put.
1728 2163 1848 2211 Pat.
1895 2163 2147 2211 Alamam'a
2178 2162 2300 2209 Vat.
2327 2175 2406 2222 pr.
2431 2160 2545 2207 Pal.
2568 2157 2719 2207 Med.

516 2228 641 2271 tert.
662 2224 793 2272 Exc.
819 2224 1034 2273 Lueens.
1074 2239 1179 2274 sec.
1219 2225 1502 2273 Alemannia
1545 2232 1768 2289 quatuor
1806 2227 1931 2274 Vat.
1969 2228 2121 2274 Farn.
2146 2226 2291 2273 Rott.
2327 2224 2491 2272 Oisel.
2522 2237 2618 2285 pro
2640 2236 2722 2269 no-

513 2300 619 2335 men
660 2286 845 2335 Heius.
889 2289 1029 2349 conj.
1064 2292 1409 2338 numera—450
1442 2290 1685 2337 Balternae
1708 2292 1832 2339 Vat.
1858 2304 1960 2339 sec.
2007 2290 2240 2339 Bastarni
2262 2288 2408 2337 Med.
2434 2295 2557 2335 tert.
2595 2286 2720 2333 Bus-

512 2354 662 2399 ternoe
682 2350 811 2398 Lov.
863 2351 1113 2401 Bastumoe
1137 2352 1268 2415 Reg.
1289 2352 1458 2401 Oxon.
1483 2368 1562 2415 pr.
1588 2354 1736 2403 Leid.
1762 2368 1839 2417 pr.
1886 2355 2135 2403 Basternae
2160 2360 2263 2401 tres
2279 2354 2403 2401 Vat.
2430 2352 2546 2399 Pal.
2574 2350 2720 2399 Rott.

516 2413 657 2471 Prie.
700 2414 955 2463 Bastar-nce
973 2415 1098 2464 Vat.
1126 2430 1203 2477 pr.
1232 2416 1381 2465 Farn.
1423 2418 1567 2467 Med.
1609 2423 1774 2481 quart.
1815 2419 2012 2469 Bonou.
2046 2419 2250 2467 Tholos.
2274 2418 2463 2465 Moret.
2487 2430 2589 2464 sec.
2613 2413 2714 2461 inc.

516 2476 704 2527 Heius.
746 2478 846 2527 duo
886 2474 1072 2527 Petav.
1108 2486 1215 2528 tres
1253 2480 1433 2530 Ambr.
1455 2482 1583 2531 Exc.
1611 2483 1826 2531 Gevart.
1853 2484 2072 2531 Lucens.
2095 2497 2201 2531 sec.
2225 2490 2280 2529 et
2301 2480 2382 2529 ed.
2405 2480 2578 2529 Parin.
2621 2493 2720 2525 mo-

518 2556 625 2591 vere
646 2542 791 2592 Med.
811 2548 933 2593 tert.
979 2546 1119 2593 daces
1157 2545 1342 2594 Petav.
1386 2550 1508 2595 tert.
1553 2546 1639 2595 ed.
1683 2547 1859 2595 Parm.
1903 2555 1957 2595 et
1995 2547 2167 2595 Vicet.
2193 2547 2318 2595 item
2339 2546 2466 2593 Var.
2491 2543 2599 2591 LL.
2629 2540 2716 2589 ed.

515 2605 677 2655 Antv.
721 2612 873 2655 truces
918 2609 998 2657 vel
1041 2610 1181 2657 duces
1212 2610 1336 2657 Vat.
1376 2624 1483 2658 sec.
1527 2612 1682 2658 accola
1728 2610 2032 2659 Exc.Laeti.
2075 2612 2225 2659 incola
2247 2611 2367 2659 Vat.
2393 2624 2471 2671 pr.
2498 2608 2717 2655 Fam.—

513 2674 607 2719 451
643 2670 857 2719 Buterus
881 2672 1111 2722 Florent.
1157 2673 1371 2721 Bruteus
1402 2674 1547 2723 Med.
1581 2680 1754 2737 quart.
1797 2677 2042 2723 Brutenas
2061 2677 2183 2723 Vat.
2209 2689 2286 2736 pr.
2314 2675 2466 2721 Farn.
2507 2668 2717 2719 Brothe-

514 2748 594 2781 ιω
616 2733 801 2785 Petav.
826 2751 903 2798 pr.
928 2738 1123 2785 Moret.
1142 2752 1221 2799 pr.
1244 2738 1387 2786 Leid.
1415 2752 1519 2788 sec.
1561 2740 1794 2787 Bastarna
1827 2742 1909 2787 ed.
1933 2740 2104 2787 vicet.
2157 2740 2408 2787 Bructerus
2431 2736 2512 2784 ed.
2538 2736 2713 2783 Parin.

513 2798 782 2847 Bructurus
816 2798 963 2849 Junt.
1001 2802 1259 2849 Bructerus
1303 2803 1433 2850 Exc.
1466 2804 1684 2853 LucenS.
1724 2818 1802 2865 pr.
1849 2801 2086 2850 Bruto-us
2111 2802 2291 2865 viginti
2316 2801 2418 2860 alii,
2441 2802 2636 2847 Lovan.
2658 2802 2716 2845 et

514 2862 645 2911 Exc.
670 2862 888 2913 Gevart.
932 2864 1166 2913 Basternas
1187 2866 1267 2913 vel
1293 2865 1532 2914 Barcen-as
1548 2868 1745 2914 Mazar.
1772 2866 2030 2928 Hercynioe
2045 2867 2169 2913 Exc.
2196 2866 2322 2912 Laet.
2368 2864 2580 2911 Ertenioe
2591 2862 2717 2911 Vat.

513 2939 622 2977 sec.
662 2927 881 2980 Aroenioe
917 2929 1043 2977 Vat.
1085 2933 1207 2979 tert.
1270 2930 1479 2992 latusque
1522 2931 1896 2979 Thema—452
1935 2928 2150 2977 Cimbros
2191 2942 2367 2977 omnes
2407 2929 2557 2976 Vatt.
2596 2924 2716 2975 Pal.

1510 3036 1557 3085 N
1566 3036 1722 3085 01·AE

1588 1774 1793 1793 OOO‘OOO

531 3184 537 3191 ·
576 3124 671 3169 445
705 3122 973 3186 Attonitos]
1022 3124 1290 3186 Rapidos,
1328 3125 1571 3190 obstupe·

511 3188 697 3257 factos,
714 3194 871 3259 fama,
888 3198 1183 3262 celeritate,
1203 3200 1420 3249 audacia
1437 3202 1571 3253 tanti

515 3271 704 3321 Ducis.

575 3350 673 3395 446
707 3346 985 3412 Sygambri]
1004 3350 1104 3399 Vel
1130 3350 1389 3414 Sycambri.
1403 3350 1573 3415 Popu-

508 3421 547 3471 li
568 3421 634 3470 ad
657 3423 888 3472 Rhenum
911 3438 1181 3487 :sparsere
1212 3425 1498 3487 caesariem,
1516 3426 1569 3475 id

511 3503 611 3558 est,
660 3498 852 3560 sparsis
908 3499 1136 3549 crinibus
1190 3502 1569 3564 supplicavere,

510 3574 595 3622 vel
634 3574 821 3635 sparsis
860 3575 1104 3638 crinibus,
1148 3591 1273 3639 quos
1313 3591 1405 3639 pro
1428 3591 1569 3627 more

511 3650 704 3713 gentis,
726 3642 859 3699 nodo
883 3652 1235 3715 constringere
1261 3653 1447 3715 solent,
1468 3658 1568 3703 tes-

510 3726 610 3774 mti
648 3733 769 3775 sunt
810 3740 885 3787 se,
920 3728 1157 3789 deposito
1186 3743 1329 3777 more
1370 3729 1569 3793 patriae,

510 3802 707 3853 servire
731 3803 865 3851 velle
888 3804 1129 3853 Romanis
1148 3804 1391 3853 moribus.

574 3880 668 3926 447
704 3878 889 3925 Pavido
909 3880 1165 3942 murmure]
1196 3880 1415 3928 Susurro
1437 3878 1569 3929 timi-

513 3950 599 4009 do,
637 3958 694 4000 et
727 3952 887 4001 verba
908 3959 1181 4013 premente
1215 3958 1373 4016 atque
1410 3954 1569 4017 impe·

514 4022 709 4075 diente.
1106 4086 1115 4092 ,

577 4100 776 4165 Franci]
829 4103 883 4151 Si
930 4104 1057 4153 tales
1092 4104 1318 4154 extitere
1362 4106 1571 4169 Franci,

514 4174 655 4237 quod
674 4177 881 4225 minime
905 4193 1039 4241 reor,
1059 4180 1214 4243 louge
1228 4181 1313 4229 alii
1332 4190 1451 4230 sunt
1474 4182 1569 4229 sub

514 4249 777 4300 Ludovico
796 4252 1008 4317 Magno,
1042 4254 1193 4317 cujus
1204 4256 1448 4319 auspiciis
1468 4264 1572 4307 ter-

1652 3125 1755 3177 rori
1780 3134 1899 3176 sunt
1923 3127 2033 3177 orbi
2053 3135 2302 3176 terrarum
2323 3127 2580 3175 universo.

1713 3208 1811 3253 448
1843 3205 2072 3268 Juratur]
2127 3203 2316 3255 Jurare
2341 3204 2392 3252 in
2428 3216 2629 3262 nomen,
2659 3200 2714 3253 in

1652 3280 1830 3341 verba,
1857 3278 1908 3328 in
1944 3281 2163 3329 salutem
2202 3280 2484 3342 Principis,
2504 3279 2711 3328 solitum

1653 3362 1766 3403 erat
1830 3355 2089 3411 Romanis.
2156 3354 2344 3406 Jurare
2401 3354 2576 3414 etiam,
2632 3358 2713 3403 est

1651 3436 1904 3493 praestare
1927 3439 2083 3495 atque
2107 3430 2434 3493 obstringere
2457 3428 2612 3480 fidem
2633 3442 2712 3477 sa-

1653 3513 1939 3556 eramento.

1715 3585 1812 3630 450
1851 3580 2122 3643 Bastarnoe]
2139 3581 2239 3629 Vel
2256 3582 2519 3629 Basternoe.
2537 3580 2712 3643 Popu-

1651 3656 1687 3705 li
1714 3670 1886 3705 versus
1907 3657 2188 3719 Scythiam,
2211 3656 2351 3719 iique
2374 3654 2655 3705 fortissimi.

1713 3736 1806 3782 451
1844 3731 2128 3795 Bructerus]
2171 3732 2412 3782 Bructeri
2435 3732 2611 3794 populi
2635 3730 2712 3783 fe·

1651 3806 1897 3855 rocissimi
1928 3808 2082 3870 juxta
2135 3808 2331 3870 sylvam
2376 3807 2711 3869 Hercyniam,

1650 3896 1825 3929 versus
1849 3896 1961 3929 eam
1987 3882 2248 3951 regionem
2288 3897 2404 3947 quae
2427 3896 2564 3931 nunc
2584 3882 2710 3933 dici·

1650 3961 1736 4004 tur
1761 3957 2090 4006 Boiohaernia.

1713 4036 1810 4085 452
1848 4034 2098 4097 Cymbras]
2146 4034 2342 4083 Cimbri
2379 4040 2529 4083 erant
2574 4030 2710 4081 Dani
2771 4046 2777 4051 ·

1649 4108 1906 4170 hodierni,
1927 4122 1978 4157 et
2006 4110 2229 4159 Holsatii
2249 4110 2426 4172 populi
2448 4106 2712 4158 :nonnulli

1651 4191 1704 4231 et
1729 4183 1824 4231 hoc
1847 4188 2048 4233 nomine
2073 4184 2329 4235 Zelandos
2351 4184 2710 4247 continebant,

1652 4256 1742 4307 ubi
1759 4263 1839 4307 tot
1861 4256 2093 4321 paludes.
