3184 4967
1120 441 1200 488 m
1250 442 1363 490 cn.
1411 444 1947 497 anumAmm.
2538 434 2625 509 21.

434 582 618 649 dum.
651 656 654 659 ⁴
704 584 870 649 Inde
903 605 1174 667 quoque
1200 586 1447 651 factum
1477 592 1606 664 est,
1635 594 1707 652 ut
1730 589 1798 651 in
1821 590 2235 673 spectaculis
2275 596 2343 655 et
2387 591 2624 659 imma-

433 685 626 747 nibus
675 692 744 749 et
791 686 1258 751 abominandis
1313 705 1466 751 cum
1525 689 1882 771 voluptate
1936 692 2271 755 immorari
2301 693 2626 773 videatur,

437 785 786 849 dummodo
838 787 1222 851 Stilichonis
1257 788 1561 852 vindictae
1600 790 1994 855 satisfaciat.
2086 790 2261 868 Quis
2308 795 2479 857 enim
2536 796 2623 857 ab

433 886 857 951 humanitatis
885 908 1078 951 sensu
1121 908 1255 951 non
1282 888 1480 970 plane
1512 890 1766 955 alienus
1812 893 1995 955 illam
2028 892 2261 957 Rufini
2304 894 2623 957 dilacera-

435 986 708 1061 tionem,
735 991 1052 1069 tanquam
1095 988 1164 1050 in
1207 988 1439 1053 tabula
1489 992 1674 1071 picta
1715 994 2152 1073 propositam,
2184 996 2327 1057 sine
2356 994 2624 1059 horrore

431 1092 500 1149 et
525 1088 740 1151 oeulis
769 1090 1080 1153 irretortis
1108 1094 1322 1170 potest
1352 1090 1654 1171 aspicere
1680 1092 1695 1154 Ξ
1768 1092 1969 1155 Valet
1996 1100 2213 1157 tamen
2242 1094 2327 1157 ad
2355 1094 2625 1177 poetam

433 1207 521 1251 ex
552 1194 738 1269 parte
763 1190 1240 1266 excusandum,
1274 1192 1454 1273 quod
1505 1192 1772 1255 illorum
1802 1192 2161 1271 hominum,
2186 1196 2426 1276 quibus
2458 1197 2623 1259 seri-

430 1290 656 1367 bebat,
713 1291 889 1354 oculi
945 1296 1014 1355 et
1057 1292 1261 1353 animi
1315 1291 1812 1355 consuetudinis
1860 1292 2032 1355 callo
2082 1301 2270 1357 erant
2327 1295 2622 1375 obducti,

431 1390 728 1472 nihilque
755 1391 1010 1473 gratius
1038 1392 1124 1454 iis
1151 1411 1300 1455 esse
1329 1394 1616 1473 poterat,
1640 1411 1839 1474 quam
1866 1394 2035 1455 iram
2076 1413 2269 1457 suam
2298 1395 2623 1463 ulciscen-

431 1491 630 1575 dique
661 1493 1040 1575 cupidinem
1073 1494 1411 1576 expletam
1437 1492 1682 1558 videre.
1756 1493 2117 1575 Propterea
2146 1513 2406 1577 quoque
2428 1498 2625 1563 miser

427 1594 540 1657 ille
593 1595 660 1657 in
716 1596 995 1658 frustula
1055 1594 1386 1659 dissectus
1441 1602 1510 1659 et
1565 1595 1934 1677 dissipatus
1980 1594 2266 1657 Rufinus
2324 1598 2624 1660 nondum

434 1695 803 1772 dimittitur,
837 1696 954 1757 sed
983 1696 1069 1759 ad
1115 1696 1366 1759 inferos
1408 1695 1729 1759 deductus
1776 1713 1998 1779 poenae
2058 1696 2340 1759 traditur
2386 1698 2626 1779 sempi-

432 1801 656 1861 ternae.
745 1796 930 1873 Quid
959 1797 1030 1858 in
1057 1796 1492 1878 vituperando
1520 1798 1745 1879 possit
1772 1795 2055 1872 efficere,
2107 1796 2367 1861 videtur
2393 1818 2625 1881 exper-

430 1900 536 1960 tus
592 1916 740 1961 esse
787 1898 860 1959 in
908 1898 1194 1962 carmine
1247 1912 1474 1960 xv111.
1505 1902 1574 1959 et
1626 1913 1789 1973 xx„
1820 1898 1887 1959 in
1940 1899 2179 1979 quibus
2231 1898 2625 1981 Eutropium

430 1998 824 2080 spadonem,
879 1999 1343 2081 gravissimum
1373 1997 1757 2060 Stilichonis
1804 1998 2275 2073 adversarium,
2322 2018 2623 2063 eversum

429 2105 494 2162 et
521 2100 594 2160 in
615 2101 890 2166 exilium
919 2106 1167 2183 actum,
1186 2100 1256 2162 in
1285 2101 1548 2181 patroni
1573 2099 1679 2161 sui
1700 2100 1975 2180 gratiam
2004 2116 2136 2161 non
2156 2099 2369 2162 solum
2394 2120 2623 2182 aequa-

425 2199 606 2263 libus
659 2202 777 2265 sed
822 2202 1024 2265 etiam
1068 2203 1356 2284 posteris
1417 2200 1935 2264 abominandum
1993 2199 2259 2263 reddere
2324 2202 2621 2280 tentavit,

433 2320 804 2384 nomenque
833 2303 1016 2366 illius
1053 2307 1306 2365 aeterna
1333 2302 1609 2365 infamia
1638 2300 2136 2383 aspergendum.
2212 2299 2355 2363 Iste
2385 2301 2623 2366 Eutro-

429 2402 605 2483 piuS,
638 2403 819 2485 quod
865 2406 1186 2469 hactenus
1235 2402 1603 2467 inauditum
1630 2400 1867 2477 fuerat,
1906 2407 1971 2466 et
2014 2400 2230 2483 spado
2276 2405 2341 2463 et
2368 2402 2622 2481 consul,

431 2503 688 2585 largam
722 2523 880 2569 sane
909 2504 1260 2568 materiam
1284 2503 1723 2569 maledicendi
1764 2502 2063 2584 praebere
2091 2501 2327 2582 potuit,
2359 2503 2625 2566 etiamsi

430 2623 534 2667 res
586 2605 734 2685 ejus
791 2610 1002 2685 gestae
1047 2624 1180 2669 nou
1228 2622 1622 2685 magnopere
1678 2602 1962 2665 fuissent
2008 2602 2379 2683 culpandae,
2426 2608 2623 2683 atque

393 2703 615 2768 -illam
679 2724 816 2768 rem
871 2704 1066 2787 quasi
1127 2704 1455 2767 cardinem
1523 2703 1891 2777 constituit,
1961 2702 2029 2763 in
2080 2720 2214 2783 quo
2272 2708 2623 2784 utrumque

429 2825 696 2870 carmen
731 2812 1105 2871 verteretur.
1198 2804 1356 2867 Hac
1385 2803 1773 2885 indignitate
1802 2803 2003 2866 veluti
2024 2802 2439 2866 vehementer
2476 2822 2623 2885 per-

433 2926 676 2971 cussus
708 2908 928 2970 omnia
953 2913 1246 2972 monstra
1287 2911 1354 2970 et
1399 2912 1721 2986 portenta,
1766 2924 1919 2987 quae
1947 2924 2208 2986 semper
2236 2906 2625 2984 gravissima

429 3013 580 3071 sunt
631 3008 862 3073 habita
906 3009 1332 3089 maximeque
1388 3005 1553 3081 dira,
1600 3005 1929 3086 principio
1982 2996 2297 3079 recenset,
2343 3023 2623 3086 quorum

431 3111 654 3171 tamen
695 3109 942 3173 nullum
983 3114 1120 3172 tam
1151 3108 1402 3171 soedum
1448 3111 1515 3169 et
1557 3107 1844 3169 immane
1884 3106 2099 3181 suerit,
2144 3125 2346 3187 quam
2392 3106 2626 3169 consul

434 3207 670 3290 spado.
765 3206 966 3271 Omni
995 3208 1234 3271 deinde
1259 3208 1608 3271 verborum
1637 3206 1930 3286 pondere
1957 3209 2145 3268 utens
2175 3225 2316 3282 eoS,
2341 3225 2624 3289 quorum

431 3315 532 3373 est
549 3313 836 3373 monstra
865 3327 1240 3390 procurare,
1273 3308 1693 3389 Deorumque
1716 3306 1881 3369 iram
1906 3311 2221 3383 avertere,
2240 3308 2621 3390 compellat,

432 3417 511 3471 ut
559 3410 922 3491 explorent,
951 3428 1106 3492 quae
1167 3414 1352 3489 tanta
1409 3402 1755 3472 calamitas
1817 3408 2196 3490 turpissimo
2249 3408 2363 3470 illo
2408 3410 2624 3472 omine

433 3510 888 3591 portendatur,
937 3529 1158 3593 quove
1207 3510 1477 3594 piaculo
1524 3509 1742 3591 possit
1779 3507 2042 3589 depelli.
2134 3506 2305 3571 Cum
2360 3506 2627 3571 fortuna

433 3612 838 3693 expostulat,
867 3611 1068 3693 quod,
1101 3612 1160 3675 si
1206 3611 1472 3675 omnino
1499 3608 1781 3673 voluerit
1830 3626 2093 3671 servum
2122 3607 2343 3669 faeere
2388 3625 2625 3670 consu-

431 3711 585 3789 lem,
607 3732 736 3776 non
761 3712 1042 3795 probum
1072 3718 1139 3776 et
1166 3713 1360 3793 frugi,
1407 3710 1524 3773 sed
1571 3706 2123 3789 abjectissimum,
2174 3706 2294 3769 sed
2341 3706 2625 3773 infinito-

433 3832 576 3875 rum
604 3813 1020 3876 dominorum
1049 3813 1341 3894 elegerit,
1389 3810 1506 3893 qui
1548 3827 1679 3871 non
1712 3806 2007 3903 ‘amplius
2036 3806 2255 3882 vendi,
2301 3825 2386 3869 ne
2447 3807 2624 3875 dono

434 3911 703 3994 quidem
745 3913 1066 3995 cuiquam
1118 3912 1384 3975 obtrudi
1429 3910 1777 3993 potuisset.
1866 3906 2095 3970 Verba
2142 3910 2209 3970 et
2252 3911 2623 3989 sententiae,

433 4012 674 4095 quibus
715 4015 862 4077 haee
913 4015 1264 4096 expressit,
1312 4009 1698 4099 hujusmodi
1746 4012 1920 4083 sunt,
1964 4014 2041 4072 ut
2066 4007 2520 4074 vehementius
2560 4017 2626 4076 et

431 4115 988 4179 contumeliosius
1033 4115 1196 4177 nihil
1243 4113 1464 4197 possit
1507 4109 1903 4193 excogitari.
1990 4107 2336 4173 Potuisses
2380 4130 2625 4194 expec-

434 4216 602 4292 tare,
621 4215 764 4298 jam
792 4216 1209 4283 satisfactum
1235 4234 1386 4280 esse
1423 4211 1861 4277 maledicendi
1900 4208 2145 4291 officio,
2186 4208 2365 4295 quod
2396 4230 2623 4277 assen-
