3184 4967
614 377 746 447 153
820 435 835 444 .
1323 393 1477 441 cr..
1520 392 1950 441 anumAm
1997 391 2066 437 v.

616 539 779 607 Non
806 538 991 603 illum
1022 536 1285 603 Natura
1311 537 1535 621 capit:
1564 523 2038 619 quascumque
2067 535 2328 618 paravit

616 642 758 710 Hic
791 641 1137 723 Augustus
1160 658 1345 723 opeS‚
1375 644 1462 716 et,
1494 658 1666 721 quas
1693 644 1846 721 post
1873 638 2050 703 bella
2071 637 2346 718 recepit,

614 743 817 809 Solus
842 741 1080 808 habet:
1124 757 1446 823 possessa
1472 740 1678 802 semel
1705 756 1835 801 non
1863 736 2130 801 reddere
2159 743 2363 802 curat.

614 844 894 911 Scilicet
918 843 1029 906 ille
1060 841 1325 924 quidem
1354 840 1709 925 tranquilla
1734 857 1905 922 pace
1929 838 2224 906 fruaturt
2431 893 2438 900 .

615 945 767 1013 Nos
795 950 1057 1030 premat
1080 943 1343 1008 obsidio
1360 943 1391 1005 'i
1437 942 1601 1024 quid
1631 947 1884 1024 partem
1911 939 2222 1005 invadere
2250 943 2453 1005 tentat
2682 938 2813 1005 160

612 1048 902 1115 ,Deserat
922 1045 1227 1129 Illyricos
1254 1044 1459 1123 fines3
1507 1043 1654 1107 an
1683 1042 1970 1107 remittat

613 1147 943 1231 Agmina3
985 1145 1313 1215 fraternas
1339 1165 1426 1209 ex
1452 1163 1652 1227 aequo
1675 1143 1932 1209 dividat
1956 1144 2222 1225 hastas3

612 1248 765 1315 Nec
795 1250 1041 1331 sceptri
1070 1253 1318 1313 tantum
1346 1247 1573 1324 fueris,
1607 1249 1728 1311 sed
1757 1247 2008 1324 militis,
2037 1247 2276 1313 haeres,

616 1348 822 1429 Quod
851 1351 911 1415 si
942 1350 1327 1419 dissimulas
1352 1353 1596 1414 nostrae
1624 1368 2004 1414 succurrere
2029 1349 2246 1426 morti,

611 1545 684 1596 bit
704 1546 859 1609 mum,
881 1560 974 1594 non
998 1543 1143 1594 Orbis
1164 1543 1442 1594 universus.
1512 1537 1818 1609 Quoscumque
1851 1543 2048 1595 divitias
2081 1544 2160 1593 hic
2190 1545 2456 1609 Imperator
2489 1544 2812 1595 Theodosius

609 1611 884 1670 cumulavit,
905 1615 954 1658 et
982 1624 1098 1671 quus
1117 1609 1335 1657 resumsit
1350 1612 1459 1671 post
1486 1609 1668 1671 proelia,
1690 1625 1810 1659 unus
1842 1609 2061 1659 Stilicho
2081 1610 2311 1673 possidet.-
2341 1624 2426 1659 nec
2456 1612 2640 1671 satagit
2670 1609 2812 1659 recti-

611 1679 749 1739 tuere
766 1688 849 1723 res
871 1674 1013 1723 semel
1026 1678 1289 1735 occupatan.
1357 1673 1600 1721 Nimirum
1620 1674 1705 1721 ille
1723 1674 1941 1722 Stilicho
1959 1673 2175 1737 potiatur
2187 1674 2528 1741 paceplccicga:
2551 1688 2636 1723 nos
2650 1672 2816 1723 obma-

612 1753 719 1787 mr
738 1734 1011 1787 obsidione?
1041 1751 1127 1785 cur
1141 1741 1341 1785 conatur
1360 1751 1583 1801 occupare
1604 1737 1930 1787 Iiaereditatem
1952 1740 2122 1787 tuam?
2153 1738 2390 1801 relinquat
2409 1738 2674 1801 provincius
2696 1737 2816 1801 Illy·

612 1803 770 1851 ricae:
800 1802 970 1850 reddat
989 1805 1201 1849 catervas
1225 1800 1438 1849 Orientis
1450 1818 1470 1859 ,-
1498 1802 1745 1864 partiatur
1777 1802 2022 1865 equaliter
2042 1802 2280 1851 exercitus
2300 1801 2566 1863 fraternos,
2588 1816 2735 1865 neque
2755 1806 2814 1851 tii

610 1866 693 1930 sis,
714 1880 745 1916 ο
767 1863 986 1930 Arcadi,
1002 1879 1234 1914 successor
1253 1869 1441 1915 tantum
1458 1866 1671 1929 imperii,
1690 1868 1771 1915 sed
1791 1871 1840 1914 et
1861 1866 2166 1917 exercituum.
2201 1866 2342 1922 Quod
2360 1866 2568 1931 sifingis
2586 1866 2815 1915 auxiliari

1533 2008 1794 2029 OOM‘OOO
1799 2010 1888 2029 006·

607 2108 825 2168 peren-rut
849 2103 964 2152 Pal.
986 2102 1133 2152 Med.
1157 2106 1402 2164 pr.—158
1434 2118 1518 2153 uec
1537 2103 1660 2153 Vnt.
1681 2119 1760 2167 pr.
1802 2105 1896 2154 sibi
1928 2120 2023 2169 pro
2056 2108 2196 2156 semel
2217 2113 2273 2157 et
2293 2121 2417 2155 curce
2447 2106 2632 2157 Ambr.
2654 2120 2734 2170 pr.
2756 2108 2814 2156 et

613 2169 798 2219 Sched.
823 2166 1129 2217 Gom—159
1163 2166 1361 2215 Scilicet
1400 2168 1595 2217 Μαι-οι.
1627 2182 1734 2217 sec.
1776 2184 1808 2217 a
1827 2184 1893 2219 m.
1929 2184 2034 2221 sec.
2067 2171 2128 2220 Si
2161 2171 2271 2220 licet
2306 2172 2450 2220 Rott.
2486 2172 2538 2219 in
2567 2186 2681 2233 pace
2698 2169 2814 2221 Pal.

613 2232 862 2281 Heinsius
888 2231 1101 2294 conjicie
1140 2237 1214 2291 at,
1246 2232 1499 2293 tranquilla
1520 2236 1574 2280 ut
1641 2231 1951 2293 acesruatur.
1985 2234 2189 2292 fruatur
2213 2235 2364 2284 Farn-
2388 2235 2534 2283 Med.
2557 2250 2658 2283 sec.
2683 2236 2812 2284 Exc.

615 2298 835 2360 Lucenst
858 2310 965 2344 sec.
992 2294 1075 2343 ed.
1150 2308 1277 2343 ann.
1303 2301 1359 2343 et
1382 2295 1550 2344 Vicet.
1608 2300 1772 2345 ruetur
1796 2298 1910 2347 Pal.
1930 2298 2158 2348 Floreat.
2184 2298 2383 2348 Bonon.
2403 2300 2600 2348 Mazar.
2625 2299 2810 2348 Petav-

614 2368 743 2421 tres,
765 2360 889 2408 item
913 2366 1024 2407 tres
1050 2357 1195 2407 Med.
1223 2358 1395 2407 Oxon.
1421 2373 1499 2421 pr.
1523 2358 1626 2408 duo
1648 2360 1793 2411 Leid.
1816 2361 2032 2411 totidem
2055 2361 2238 2414 Ambr.
2263 2370 2318 2413 et
2338 2362 2522 2412 Heius.
2546 2365 2662 2412 Pat.
2685 2364 2812 2413 Lov.

618 2424 781 2473 Oisel.
803 2425 927 2473 Vat.
950 2429 1074 2484 tres,
1094 2423 1221 2471 item
1264 2422 1391 2472 Vat.
1425 2423 1592 2473 Livin.
1631 2426 1762 2473 Exc.
1805 2426 1958 2486 Laeti,
1992 2427 2207 2476 Gevart.
2233 2427 2349 2480 cod.
2372 2428 2610 2477 Pulman.
2633 2433 2690 2475 et
2713 2429 2814 2476 Lu·

613 2502 754 2537 cens.
777 2502 857 2551 pr.
878 2487 1082 2547 fruatur
1118 2487 1202 2535 vel
1230 2484 1428 2545 fruetur
1462 2488 1593 2550 Reg.
1631 2488 1920 2538 Put.-160
1949 2496 2132 2553 prema
2162 2493 2314 2541 Farn.
2351 2492 2580 2541 Florent.
2609 2491 2814 2543 Thunu-

612 2552 814 2601 Bonou.
857 2552 979 2600 Pat.
1019 2556 1123 2599 tres
1158 2550 1345 2598 Petav.
1386 2557 1607 2613 quatuor
1645 2552 1792 2600 Med.
1831 2568 1958 2601 unus
1998 2553 2184 2603 Heins-
2220 2555 2351 2605 Exo.
2382 2556 2600 2604 Lucens.
2625 2569 2705 2619 pr.
2727 2554 2814 2605 ed.

611 2616 788 2666 Parm.
814 2622 868 2664 et
883 2615 1056 2664 Vicet.
1088 2618 1269 2678 premet
1288 2613 1411 2664 Vat.
1436 2615 1603 2664 Livin.
1633 2616 1839 2665 Tholos.
1863 2617 2062 2667 Mazar.
2086 2618 2284 2668 Incert.
2303 2620 2483 2669 Heius.
2506 2627 2612 2668 tres
2628 2618 2812 2669 Ambr.

604 2682 784 2743 premit
805 2680 889 2731 ed.
912 2679 1103 2741 Isingr.
1126 2685 1182 2727 et
1205 2678 1409 2741 Gryph.
1451 2680 1631 2741 premit
1649 2681 1731 2729 vel
1743 2685 1927 2743 premet
1947 2684 2072 2731 Vat.
2097 2697 2178 2746 pr.
2200 2698 2271 2733 m.
2295 2700 2376 2748 pr.
2403 2689 2589 2747 premat
2608 2681 2813 2746 vel'pre-

608 2748 705 2793 met
727 2746 848 2795 Put.
866 2744 919 2792 in
941 2758 1069 2792 voce
1090 2742 1267 2791 obsidio
1288 2742 1527 2791 mendum
1547 2744 1756 2793 subesse
1779 2745 2072 2808 suspicatur
2094 2747 2357 2798 Heinsius.
2396 2762 2535 2809 quam
2547 2752 2688 2810 parte
2709 2747 2815 2798 duo

612 2806 737 2858 vat.
758 2808 871 2871 quid
890 2809 969 2855 vel
992 2808 1076 2869 qui
1098 2806 1267 2855 Oxou.
1291 2819 1370 2867 pr.
1418 2807 1523 2869 quis
1542 2807 1708 2856 Oisei.
1753 2822 1918 2869 pacem
1942 2809 2071 2858 Exc.
2097 2809 2212 2859 Pat.
2230 2825 2337 2859 rec.
2367 2826 2530 2873 parem
2552 2812 2668 2860 cod.
2694 2811 2815 2861 cla-

610 2885 720 2920 ver.
768 2876 972 2934 epar-tem
990 2870 1174 2932 Isingr.
1220 2873 1405 2931 partem
1422 2870 1626 2918 Tholos.
1651 2870 1880 2920 Florent.
1903 2869 2085 2921 Ambr.
2113 2879 2238 2922 tert.
2279 2880 2468 2936 partem
2488 2889 2558 2924 sc.
2602 2879 2815 2925 nostram

613 2936 787 2987 Gloss.
808 2935 951 2984 Med.
985 2948 1088 2982 sec.
1115 2932 1358 2982 Heinsius
1382 2934 1696 2995 ascripserat
1733 2933 1903 2982 locum
1942 2934 2220 2999 Capitolin.
2257 2938 2310 2986 in
2349 2938 2632 2988 Pertinace
2654 2953 2706 3001 p.
2729 2944 2812 2991 54.

610 3000 646 3052 l.
665 2998 768 3049 13.ι
785 3014 817 3047 ιι
834 2997 1065 3060 pertibus
1088 3002 1317 3045 remotus
1329 2995 1443 3044 est!
1465 2996 1568 3044 vid.
1588 2996 1882 3045 casaubon.
1900 3013 1954 3061 p.
1975 3003 2087 3048 los.
2109 3007 2166 3049 et
2176 3001 2385 3051 Salmas.
2405 3016 2458 3064 p.
2478 3007 2589 3051 125.
2615 3003 2678 3051 de
2701 3017 2817 3065 par-

615 3063 755 3111 tibus
776 3062 1012 3125 Scaliger
1032 3059 1097 3108 ad
1121 3059 1462 3108 Manu—161
1508 3061 1664 3121 AEgaeu
1687 3062 1820 3110 Exc.
1845 3062 2155 3114 νοω-162
2197 3067 2300 3114 alas
2331 3066 2460 3128 legit
2477 3066 2813 3115 Heinsius.—

613 3129 707 3174 163
728 3126 853 3188 cepti
876 3126 1005 3174 Exc.
1024 3125 1172 3171 Voss.
1182 3122 1345 3181 fueris
1362 3125 1444 3172 sed
1464 3128 1654 3172 tantum
1673 3124 2038 3183 'rhamsuerts
2051 3132 2238 3177 tantum
2253 3129 2469 3191 triginta
2489 3130 2654 3181 codd.
2679 3131 2812 3181 Exc.

613 3189 767 3250 Laeti,
784 3189 1000 3237 Gevart.
1022 3188 1170 3237 Voss.
1193 3194 1249 3236 et
1288 3188 1509 3237 Lucens.
1536 3202 1619 3250 pr.
1641 3188 1725 3237 ed.
1747 3187 1923 3239 Vicet.
1949 3192 2125 3241 Parni.
2145 3194 2292 3244 Junt.
2315 3195 2642 3245 colim—164
2672 3194 2813 3243 dissi·

610 3254 763 3303 mulas
783 3253 887 3305 duo
920 3252 1042 3302 Vat.
1079 3252 1209 3301 Exc.
1238 3251 1373 3300 Laeti
1394 3257 1449 3301 et
1472 3252 1694 3301 Lucens.
1721 3267 1828 3304 sec.
1857 3255 2124 3305 dissimulas
2146 3258 2227 3307 vel
2246 3258 2509 3309 dissimules
2529 3259 2704 3309 Oxou.
2727 3273 2810 3323 pr.

1607 3399 1819 3451 NOTAE

618 3536 719 3591 rat,
741 3535 800 3579 ut
828 3528 1132 3579 resisterent
1148 3526 1179 3577 ι’
1215 3532 1272 3577 et
1304 3526 1497 3593 Livius,
1524 3526 1541 3557 ‘
1559 3528 1674 3578 aliis
1751 3530 1849 3579 hac
1873 3545 2018 3581 voce.

616 3608 807 3657 bellum
821 3606 1023 3669 jussum
1042 3602 1191 3653 erat!
1818 3611 1913 3657 162
1946 3607 2152 3671 Hasta]
2182 3608 2282 3659 Vel
2297 3610 2555 3660 exercitus
2579 3625 2674 3674 per
2693 3613 2810 3663 has-

682 3682 796 3730 Νοπ
848 3679 1023 3741 orbita]
1085 3678 1381 3729 Stilichonis
1437 3681 1674 3744 potentia
1753 3688 1856 3733 tam
1903 3685 2162 3747 signatos3
2224 3685 2306 3734 vel
2343 3691 2627 3749 sceptrum,
2665 3688 2806 3752 quod

612 3772 717 3808 non
744 3756 948 3817 iisdem,
970 3754 1153 3821 quibus
1174 3756 1282 3820 Sol,
1304 3756 1551 3806 limitibus
1574 3758 1675 3806 cir-
1753 3759 1928 3808 Graeci
1962 3765 2154 3810 vocant
2186 3763 2440 3825 σκῆπτρον,
2471 3762 2674 3825 mom,
2705 3778 2812 3828 qua

616 3832 1001 3887 cumscribitur.
1749 3835 1920 3899 Reges
1956 3835 2077 3885 olim
2119 3836 2506 3887 innitebantur:
2554 3841 2812 3905 σκῆπτρον,

684 3914 779 3959 160
815 3907 1037 3970 Partem]
1100 3908 1312 3957 Partem
1352 3908 1674 3959 haereditatis
1747 3909 1840 3960 ἀπὸ
1860 3912 1948 3959 τοῦ
1966 3910 2275 3976 σκήπτεσθαι,
2289 3914 2454 3965 inniti.

617 3994 741 4047 tuae,
762 3982 963 4033 scilicet
985 3982 1262 4045 Imperium
1286 3982 1538 4032 Orientis.
1758 4017 1766 4026 -
1814 3992 1907 4036 163
1944 3988 2137 4052 Haeres]
2175 3989 2276 4038 Alii
2309 3989 2576 4041 deducunt
2608 3991 2674 4041 ab
2708 3992 2808 4041 1·oe-

682 4063 777 4109 161
810 4057 1050 4123 Illyricos]
1084 4056 1266 4122 Illyria
1300 4064 1381 4108 est
1417 4064 1567 4107 vasta
1595 4074 1672 4108 re-
1744 4064 1925 4112 rende.-
1958 4063 2071 4113 aliis
2108 4064 2240 4132 hep-ec
2275 4064 2344 4115 ab
2381 4066 2511 4128 herc,
2532 4066 2620 4131 qui
2651 4064 2810 4115 domi·

619 4138 705 4207 gio
726 4150 884 4199 supra
900 4136 1065 4185 sinum
1088 4135 1430 4186 Adriaticum.
1751 4152 1846 4187 nus
1883 4146 1997 4192 esta
2039 4139 2303 4206 scaligero
2341 4141 2473 4191 lieres
2503 4140 2713 4208 dicitur,
2745 4146 2809 4193 ut

683 4210 813 4277 an]
868 4208 1115 4263 Orientis.
1166 4211 1337 4276 Supra
1377 4212 1565 4277 saepius
1604 4212 1672 4263 de
1749 4205 1886 4277 ispo-25.
