3184 4967
554 392 683 459 17⁰

546 551 899 632 ‘Pangebat
924 549 1274 614 Macetum
1302 548 1492 625 fineS,
1524 566 1894 631 murosque
1927 547 2226 626 subibat,

1376 652 1596 715 Sensu
1632 652 1822 714 dolor
1849 651 2063 714 haeret
2091 652 2162 714 in
2193 651 2334 716 alto

553 650 1078 729 Thessalonica,
1110 660 1286 715 tuos.

558 753 880 830 Abditus,
915 760 981 816 et
1011 756 1257 817 tacitas
1287 752 1602 817 vindicta>
1634 754 1984 835 praestruit
2011 755 2187 817 iras:

1312 404 1431 453 CL.
1478 402 1910 451 GLAUDIANI
1954 403 2022 450 V.

2627 594 2761 714 230

557 847 1053 939 Sp'ectaturque
1084 857 1315 919 favens
1348 854 1529 918 odiis
1562 856 1775 931 locuS,
1823 863 2115 938 aptaque
2143 856 2287 918 leto

556 957 937 1041 Tempora:
985 978 1109 1021 nec
1142 960 1497 1041 quisquam
1528 964 1720 1021 tanta
1747 957 1832 1021 de
1863 957 2057 1039 plebe
2089 962 2415 1039 repertam,

561 1058 883 1123 Proderet
913 1060 1204 1122 incautis
1236 1060 1353 1141 qui
1384 1059 1591 1121 corda
1629 1060 1954 1121 minantia
1983 1060 2228 1122 verbis,

560 1159 742 1239 Quae
774 1181 915 1224 non
944 1162 1335 1244 posteritate,
1370 1180 1525 1243 quae
1556 1178 1689 1223 non
1721 1161 2066 1223 mirabitur
2094 1165 2264 1224 actas

2628 1156 2764 1223 ‚285

560 1264 764 1328 Tanti
796 1264 1153 1327 consilium
1180 1263 1362 1343 vulgi
1394 1265 1713 1345 potuisse
1739 1264 1970 1341 taceri,

562 1364 703 1429 Aut
732 1366 997 1428 facinus
1027 1375 1165 1429 tam
1194 1366 1436 1447 grande
1464 1366 1602 1447 tegi
1623 1367 1654 1429 Ἰ
1699 1365 2078 1447 mentisque
2107 1364 2400 1429 calorem

560 1513 731 1563 debant
752 1512 817 1561 ad
842 1519 926 1562 tua
946 1513 1135 1571 mnia,
1158 1527 1189 1561 o
1219 1512 1557 1563 Thessalonica.
1601 1512 1824 1561 Tristitia
1851 1526 2010 1573 pressa
2034 1512 2085 1559 in
2104 1512 2238 1559 corde
2253 1510 2490 1573 profundo
2509 1510 2662 1575 infixa
2681 1516 2770 1573 est,

560 1594 615 1627 ac
650 1574 887 1641 proepar'at
924 1578 1093 1626 ultioni
1128 1578 1502 1637 indignationem
1516 1578 1766 1627 silentem.
1831 1577 1983 1625 Locus
2015 1582 2301 1639 opportunus
2337 1576 2440 1623 odio
2478 1576 2769 1625 exercendo

560 1647 855 1705 expectatur,
890 1646 935 1691 et
959 1647 1141 1703 tempus
1160 1644 1446 1689 commodum
1485 1641 1627 1689 morti
1662 1642 1938 1701 inferendae.
2006 1641 2170 1701 Neque
2204 1641 2327 1687 ullus
2357 1640 2574 1687 inventus
2605 1644 2672 1688 est
2719 1638 2773 1696 iu

562 1705 933 1765 tamajuvenum
952 1705 1124 1765 turba,
1148 1705 1228 1767 qui
1249 1706 1521 1766 divulgaret
1543 1720 1774 1753 sermones
1794 1708 2000 1753 minaces
2034 1705 2178 1753 dictis
2213 1703 2604 1765 imp-rudentibus.
2674 1702 2774 1757 Qm‘

559 1785 654 1819 nou
709 1771 1025 1831 obstupescent
1073 1770 1271 1833 posteri,
1312 1786 1413 1831 quae
1446 1785 1537 1817 non
1569 1771 1761 1828 soecula,
1793 1770 2034 1816 consilium
2073 1772 2220 1817 tantae
2266 1768 2586 1815 multitudinis
2623 1767 2775 1829 sileri,
2809 1804 2818 1813 .

559 1832 847 1893 autfaceum
862 1838 965 1883 tam
986 1848 1209 1895 nug-num
1229 1834 1455 1883 occultari
1465 1830 1712 1898 potuim?
1746 1839 1794 1883 et
1805 1834 2046 1894 servorem
2067 1832 2218 1881 animi
2257 1831 2534 1893 naufraugi
2553 1831 2773 1895 colloquio

1483 1958 1717 1978 OOOOOO‘O
1724 1958 1839 1977 ‘000

563 2026 693 2092 ζον.
718 2056 787 2090 m.
812 2057 893 2105 pr.
951 2041 1219 2091 Haemoniis
1241 2043 1363 2091 Vat.
1385 2056 1463 2105 pr.
1518 2044 1760 2103 digressus
1799 2043 1930 2092 Exc.
1951 2043 2172 2092 Lucens.
2211 2058 2288 2105 pr.
2335 2057 2610 2105 progressus
2639 2043 2772 2093 Exc.

564 2107 685 2156 Pat.
706 2121 812 2155 rec.
836 2106 922 2155 ed.
946 2107 1125 2155 Parm.
1150 2115 1207 2155 et
1232 2108 1407 2155 Vicet-
1464 2108 1595 2154 arvis
1611 2108 1712 2155 duo
1735 2107 1856 2154 Vat.
1880 2109 2061 2155 Petav.
2087 2110 2336 2169 pre-279
2371 2108 2622 2155 Macedum
2667 2114 2776 2155 tres

561 2172 687 2219 Vat.
712 2171 829 2221 Pal.
856 2172 1009 2219 Farn.
1030 2170 1173 2222 Pric-
1212 2172 1357 2219 Rott.
1389 2170 1557 2219 Oisel.
1621 2172 1863 2219 Macetum
1895 2172 1996 2220 duo
2019 2172 2144 2219 Vat.
2187 2173 2298 2219 Pal.
2341 2172 2486 2219 Med.
2529 2186 2610 2234 pr.
2643 2184 2776 2222 unus

563 2234 749 2283 Heins-
784 2234 906 2283 Vat.
931 2233 1097 2283 Livin.
1126 2234 1255 2283 Exc.
1284 2236 1503 2283 Lucem».
1530 2248 1636 2283 sec.
1683 2240 1842 2283 terras
1877 2249 1970 2297 pro
1987 2235 2120 2299 fines
2150 2236 2271 2284 Pat.
2297 2236 2417 2284 Vat.
2449 2250 2553 2283 sec.
2590 2250 2658 2284 nn.
2697 2248 2776 2297 pr.

562 2302 727 2347 —280
766 2298 1094 2347 Thessalicam
1136 2300 1497 2348 Mamm—281
1554 2298 1762 2347 ambitus
1806 2298 1954 2348 Med.
1997 2314 2074 2363 pr.
2127 2300 2302 2348 tacitus
2341 2300 2541 2357 Thoan.
2573 2299 2776 2350 Tholas.

558 2363 797 2423 praestitit
835 2364 1155 2413 Farn.-—282
1190 2363 1296 2409 odio
1338 2364 1451 2411 Pal.
1490 2362 1721 2412 Florent.
1764 2363 1885 2412 Pat.
1923 2362 2054 2413 Lov.
2095 2364 2238 2412 Med.
2281 2378 2363 2427 pr.
2403 2378 2532 2411 unus
2560 2363 2781 2415 Heinsii.

563 2426 724 2489 odium
746 2426 891 2476 Med.
917 2432 1087 2489 quart.
1106 2426 1203 2475 odii
1221 2424 1340 2475 Ald.
1361 2426 1529 2475 Colin.
1556 2428 1648 2475 leto
1672 2427 1752 2477 vel
1767 2431 1874 2475 voto
1893 2426 2014 2476 Vat.
2040 2427 2364 2491 quina—283
2383 2442 2473 2475 neu
2495 2426 2638 2495 Med.
2654 2433 2776 2478 tert.

564 2504 650 2539 nee
670 2490 793 2539 Vat.
819 2490 991 2537 Livin.
1043 2491 1285 2553 quisquam
1308 2496 1373 2545 est
1398 2492 1523 2541 Vat.
1549 2497 1675 2539 tert.
1703 2492 1848 2539 Med.
1876 2498 2044 2553 quart.
2097 2493 2155 2541 de
2177 2496 2314 2539 tanta
2335 2492 2456 2539 Vat.
2483 2497 2608 2538 tert.
2635 2490 2778 2541 Prie.

563 2554 766 2604 Moret.
790 2569 895 2603 sec.
950 2557 1008 2603 de
1047 2560 1185 2603 tanta
1222 2560 1290 2603 est
1315 2556 1505 2603 Moret.
1595 2570 1636 2602 r.
1688 2554 1822 2617 plebe
1865 2562 2085 2619 quatuor
2107 2556 2232 2603 Vat.
2279 2554 2395 2603 Pal.
2433 2554 2586 2603 Fam.
2626 2554 2777 2603 Rott.

565 2617 732 2668 Oisel.
784 2618 906 2679 pube
928 2625 1035 2667 vet.
1064 2619 1193 2681 Gyr.
1217 2620 1339 2667 Vat.
1366 2617 1533 2667 Livin.
1553 2570 1682 2667 {xm
1707 2618 1928 2667 Lucens.
1951 2633 2053 2667 sec.
2089 2618 2229 2683 quod
2266 2620 2541 2681 probatum
2574 2618 2782 2667 videtur

564 2680 805 2740 Heinsio,
828 2682 915 2746 qni
955 2684 1269 2745 ascripserat
1309 2684 1482 2737 locum
1525 2682 1589 2729 de
1627 2682 1748 2731 bell.
1773 2682 1919 2731 Gild.
1957 2698 2031 2731 vs·
2055 2686 2170 2730 416.
2207 2684 2284 2729 ita
2321 2682 2542 2731 Gesner.
2567 2683 2784 2744 Bipont.

557 2744 683 2807 pube
721 2746 806 2794 vel
846 2742 978 2807 plebe
1025 2748 1152 2797 Put.
1208 2748 1388 2795 locutus
1425 2761 1521 2807 pro
1556 2752 1770 2807 repertus
1810 2746 2139 2794 Oisel.—-284
2185 2747 2399 2807 proderit
2441 2746 2542 2793 duo
2578 2747 2777 2795 Moret.

565 2808 771 2857 Thuan.
796 2810 978 2860 Ambr.
1010 2824 1117 2858 sec.
1157 2812 1341 2859 incert.
1386 2810 1569 2859 Heius.
1606 2810 1691 2857 ed.
1725 2809 1900 2855 Vicet.
1951 2808 2154 2855 minacia
2196 2808 2339 2856 Prie.
2381 2807 2500 2857 Pat.
2556 2810 2784 2859 micantia

565 2866 693 2923 vat.
714 2886 793 2937 pr.
818 2888 887 2923 m.
913 2878 1159 2936 pr.-286
1193 2872 1465 2921 conscilium
1489 2872 1644 2921 Farn.
1693 2871 1876 2921 consilii
1903 2871 2050 2919 Med.
2081 2875 2326 2934 pr.--287
2377 2873 2628 2935 mortisque
2662 2872 2782 2925 cod.

1561 2980 1776 3031 NOTAE

569 3082 637 3139 ab
659 3081 873 3134 AEmone
898 3079 1234 3129 Deucalionis
1254 3078 1383 3141 filio,
1418 3079 1639 3129 sumitur

570 3171 669 3219 pro
689 3154 953 3203 Thessalia
976 3154 1195 3203 Graeciae
1219 3155 1444 3216 regione.
1481 3153 1638 3202 ovid.

1720 3086 1776 3127 et
1810 3079 1930 3141 lege
1969 3078 2190 3139 caverit,
2221 3083 2280 3127 ut
2303 3077 2552 3140 capitales
2577 3084 2782 3131 senten-

1721 3156 1812 3203 tiae
1837 3162 1959 3205 ante
1997 3156 2315 3218 trigesimum
2339 3155 2474 3203 die'm
2515 3162 2641 3205 ratoe
2679 3169 2784 3205 non

560 3231 583 3257 ⁴
611 3230 838 3280 AEmonis
884 3230 1119 3278 AEmonio
1165 3229 1447 3278 Laodamia
1494 3230 1640 3293 vir0,'

569 3306 625 3359 id
644 3312 745 3367 est,
768 3305 1059 3353 Protesilao
1076 3306 1321 3355 Thessalo
1346 3305 1585 3368 principi.

636 3386 735 3437 279
776 3382 1041 3443 Macetum]
1113 3382 1341 3430 Maeetia
1372 3388 1429 3431 et
1463 3382 1639 3430 Mace-

571 3456 734 3513 donia
754 3464 872 3509 sunt
898 3470 1054 3506 unum
1086 3463 1144 3507 et
1178 3457 1337 3519 idem,
1362 3458 1443 3505 vel
1466 3458 1642 3507 Mace·

573 3534 653 3587 tia
676 3540 758 3584 est
781 3546 901 3595 pars
928 3532 1269 3585 Macedoniae.

638 3614 737 3659 280
792 3609 1145 3673 Thessalonica]
1215 3610 1350 3659 Urbs
1398 3612 1643 3673 primaria

576 3686 925 3746 Macedoniae,
952 3687 1101 3749 vulgo
1124 3686 1381 3748 Salouichi,
1410 3686 1465 3737 S.
1490 3687 1642 3737 Pauli

579 3762 817 3826 epistolis
841 3765 1191 3811 cohonestata.
1251 3763 1310 3811 In
1332 3764 1448 3823 hac,
1471 3763 1644 3811 Rufini

571 3837 803 3887 crudelis
844 3838 1179 3898 instigatione
1202 3836 1541 3897 Theodosius,
1572 3838 1642 3885 ob

578 3913 915 3977 magistratus
942 3914 1159 3961 violatos
1201 3914 1275 3961 ira
1308 3912 1555 3975 percitus,
1570 3915 1643 3961 ci-

579 3988 721 4039 vium
757 3995 987 4051 stragem
1020 3988 1199 4037 edidit.
1270 3988 1406 4037 Hine
1433 3990 1497 4038 ab
1520 3988 1646 4037 Am·-

580 4063 755 4113 brosio
812 4064 1095 4113 Mediolani
1151 4065 1406 4125 Psaesule,
1460 4068 1646 4129 templi

580 4138 731 4189 aditu
770 4140 1076 4202 prohibitus,
1127 4154 1225 4189 nec
1270 4142 1519 4191 admissus
1562 4147 1648 4190 est

581 4214 745 4280 prins,
774 4229 929 4281 quam
965 4221 1021 4266 et
1058 4218 1419 4279 poenitentiam
1459 4218 1648 4281 egerit,

1721 3231 2054 3281 haberentur.
2142 3230 2256 3278 Lex
2307 3237 2491 3293 postea
2546 3232 2784 3281 salutaris

1723 3306 2034 3355 Antiochiae.
2096 3305 2248 3354 Hanc
2270 3305 2421 3366 enim,
2443 3306 2510 3354 ob
2529 3312 2782 3369 raptatam

1721 3382 1776 3433 in
1821 3382 2078 3431 seditione
2100 3380 2363 3430 Flaccillae
2387 3380 2638 3445 Augustas
2683 3388 2786 3431 sta·

1725 3468 1883 3523 tuam,
1907 3460 2072 3508 everti
2097 3461 2354 3523 jusserat:
2407 3460 2497 3507 sed
2523 3460 2648 3523 legis
2673 3474 2782 3509 sun

1722 3549 1864 3584 mora
1887 3536 2137 3597 placatus,
2171 3540 2228 3583 et
2248 3548 2374 3583 voce
2401 3536 2570 3582 sancti
2593 3535 2785 3585 Eremi-

1724 3619 1793 3661 tae
1839 3612 2110 3674 monentis,
2161 3626 2230 3660 ne
2285 3618 2501 3675 propter
2555 3612 2785 3662 mulieris

1725 3689 2014 3751 imaginem,
2033 3694 2112 3737 tot
2127 3689 2230 3736 Dei
2252 3687 2500 3749 imagines
2517 3686 2786 3750 perderet,

1724 3765 1839 3813 urbi
1861 3764 2117 3827 pepercit.
2659 3802 2662 3807 .

1734 3878 1740 3885 .
1786 3843 1886 3887 286
1919 3839 2108 3901 Taceri]
2167 3837 2368 3901 Ecquid
2393 3837 2528 3885 enim
2553 3842 2786 3887 remanet

1725 3916 2004 3976 occultum,
2025 3915 2168 3979 quod
2205 3914 2270 3963 ad
2291 3913 2532 3963 notitiam
2553 3913 2787 3963 multitu·

1726 3991 1858 4039 dinis
1882 3992 2152 4053 pervenit?

1790 4074 1885 4118 287
1938 4070 2206 4131 Mentieque
2245 4070 2444 4117 calorem
2479 4082 2589 4115 mm-
2606 4064 2789 4129 rumpi]

1728 4144 2002 4205 Fen-vidum
2039 4144 2105 4191 de
2139 4142 2423 4199 occidendo
2444 4140 2630 4190 Rufino
2667 4155 2788 4203 pro-

1727 4218 1952 4281 positum
1973 4231 2076 4268 non
2096 4216 2290 4281 violari,
2311 4216 2480 4281 rumpi
2509 4214 2675 4267 etiam⁴
2711 4216 2790 4277 in-
