3184 4967
1029 400 1125 450 DE
1174 400 1411 449 nunno
1458 402 1893 454 GILDONIGO.
2408 384 2558 452 -377

368 541 577 607 Caede
604 542 899 619 madenS,
922 550 1121 619 ,atrox
1153 545 1398 624 gladie,
1428 554 1748 632 suspecta
1773 568 2056 615 veneno,

340 643 463 707 ·Ut
488 646 641 708 vino
670 644 997 709 calefacta
1024 646 1286 726 VenuS,
1312 654 1451 711 tum
1477 650 1718 713 saevior
1747 652 1934 714 ardet

363 744 733 811 Luxuries:
778 749 1009 811 mixtis
1036 750 1323 814 redolent
1348 758 1684 832 unguenta
1715 754 1999 817 coronis.

363 845 652 913 Crinitus
680 850 843 913 inter
870 850 1185 928 famuIOS,
1215 854 1598 936 pubemque
1630 872 1969 932 canoram,

364 946 649 1013 Orbatas
668 952 859 1035 jubet
884 951 981 1016 ire
1012 969 1239 1029 nurus,
1270 973 1608 1037 nuperque
1637 958 1950 1037 peremtis
2147 997 2152 1001 -
2428 956 2556 1023 185

358 1047 671 1114 Ari-idere
699 1052 883 1115 viris.
971 1052 1284 1116 Phalarin
1317 1062 1770 1137 tormentaque
1793 1056 2082 1122 fiammae

336 1152 647 1229 -Profuit,
676 1159 745 1217 et
772 1155 985 1219 Siculi
1014 1157 1309 1237 mugitus
1339 1156 1503 1219 ferre
1525 1158 1823 1239 juvenci,

360 1250 579 1329 Quam
608 1257 773 1319 tales
804 1255 1029 1319 audire
1060 1256 1324 1320 choros.
1410 1256 1558 1321 Nec
1590 1258 1834 1322 damna
1861 1260 2143 1343 pudoris

354 1418 423 1467 ob
443 1420 817 1480 enses,‘timenda
841 1421 907 1470 ob
930 1422 1075 1472 virus.
1102 1483 1109 1489 .
1144 1422 1402 1485 Postquam
1419 1438 1550 1471 umor
1568 1422 1784 1472 incensus
1806 1430 1885 1472 est
1909 1424 2036 1483 vino,
2053 1429 2166 1473 tunc
2187 1424 2328 1474 libido
2351 1426 2556 1475 atrocior·

350 1482 675 1545 inflammatur
690 1503 707 1535 .·
738 1500 915 1533 coronae
936 1485 1170 1547 fragrant
1192 1488 1445 1547 unguentis
1475 1488 1746 1549 permixtis·
1817 1489 1960 1536 Gildo
1991 1490 2118 1549 cogit
2153 1487 2366 1537 incedere
2384 1504 2555 1539 uxores

347 1548 571 1596 viduatas
590 1549 715 1597 inter
734 1564 889 1598 servos
909 1555 1111 1599 comatos
1131 1555 1177 1597 et
1194 1566 1363 1613 pueros
1378 1551 1745 1617 symphoniae-os,
1787 1558 1834 1599 et
1857 1554 2068 1601 arridere
2089 1552 2186 1601 sibi
2203 1558 2311 1615 post
2331 1554 2550 1615 conjuges

350 1614 489 1663 mdo
508 1612 794 1671 interfectos.
862 1612 1133 1662 Praestubat
1153 1617 1257 1675 pati
1282 1615 1531 1677 Phalarin,
1554 1621 1602 1663 et
1621 1614 1849 1678 supplicia
1868 1617 2067 1678 ignium,
2089 1621 2137 1663 et
2152 1616 2369 1679 proferre
2390 1618 2555 1666 boatus

327 1676 481 1740 ¹tauri
502 1676 671 1739 Siculi,
707 1692 847 1739 quam
866 1680 1026 1727 adesse
1049 1678 1124 1725 his
1143 1678 1487 1742 saltationibus.
1556 1680 1718 1743 Neque
1749 1679 1942 1739 infamis
1963 1680 2160 1741 jactura
2191 1681 2399 1744 honoria,
2432 1682 2554 1731 satis

1274 1806 1630 1827 &oenoe-‘eoo‘

346 1888 423 1937 sic
446 1886 761 1950 conjiciebat
786 1887 1212 1937 Heinsius.--181
1247 1894 1456 1952 spectata
1494 1889 1634 1939 Prie.
1670 1904 1738 1938 m.
1776 1894 2019 1953 pr.—-182
2049 1889 2176 1939 vitro
2212 1891 2406 1939 Μαι-οι.
2443 1905 2552 1941 sec·
2593 1915 2600 1926 ι

346 1951 581 2011 calefacta
602 1967 765 2001 mnus
782 1953 979 2003 Tholas.
1003 1958 1115 2001 tune
1132 1954 1301 2002 soem'or
1326 1954 1366 1999 V
1372 1962 1443 2003 at.
1469 1960 1589 2007 tert.
1613 1955 1768 2002 Fam.
1791 1954 1932 2003 Pric-
1955 1955 2186 2003 Florent.
2209 1955 2409 2005 Thuau.
2431 1956 2547 2006 Pat-

346 2008 449 2066 (luo
477 2014 661 2065 Ambr.
684 2022 854 2077 urg-net
893 2018 1029 2067 Prie:
1056 2018 1221 2067 Oisel.
1246 2020 1441 2067 Mazar.
1466 2018 1588 2067 Pat.
1614 2018 1758 2067 Med.
1781 2025 1954 2081 quart.
1993 2020 2128 2068 ardet
2151 2019 2231 2067 vel
2253 2023 2393 2079 urget
2431 2020 2546 2069 Flo-

344 2089 487 2130 rent.
506 2080 792 2131 Pan—183
825 2083 1002 2131 redolet
1026 2082 1313 2132 Low-184
1351 2083 1570 2131 Crinitus
1606 2081 1768 2131 Oisel.
1792 2082 2008 2130 Crinitos
2027 2084 2156 2131 Exc.
2181 2083 2330 2131 Laeti.
2339 2082 2552 2143 famulos

341 2144 475 2195 inter
496 2146 616 2193 Vat.
652 2146 816 2208 quint.
852 2145 1116 2208 plebemque
1155 2147 1275 2195 Pat.
1313 2147 1441 2195 Exc.
1482 2146 1698 2195 Gevart.
1728 2146 1987 2208 plebemque
2023 2146 2106 2193 vel
2140 2146 2393 2209 pubemque
2424 2147 2548 2196 Put.

344 2224 563 2257 coronam
587 2209 737 2258 Fam.
759 2209 953 2259 Thuan.
978 2224 1193 2258 canoram
1217 2215 1325 2259 tres
1350 2209 1495 2257 Med.
1516 2212 1728 2258 decoram
1765 2210 1881 2258 Vat.
1907 2218 2027 2259 tert.
2050 2210 2192 2257 Pric-
2215 2209 2380 2259 Oisel.
2402 2210 2550 2262 Med.

344 2287 448 2324 sec.
475 2274 600 2321 Vat.
622 2274 787 2321 Livin.
826 2275 1023 2323 Mazar.
1063 2275 1257 2323 Moret.
1292 2288 1396 2324 sec.
1422 2276 1548 2323 Exc.
1585 2274 1716 2323 Cod.
1754 2274 1934 2323 Rhem.
1958 2282 2011 2323 et
2032 2274 2232 2322 Rubeu.
2256 2273 2339 2323 ed.
2370 2274 2548 2325 Vicet.

343 2338 563 2385 decoram
584 2339 905 2385 velannorum
925 2338 1047 2385 Vnt.
1074 2352 1151 2399 pr.
1176 2338 1406 2387 Floreut.
1430 2339 1553 2385 Put.
1576 2338 1695 2387 Pat.
1720 2338 1840 2386 item
1865 2339 1994 2387 Exe.
2023 2338 2143 2386 Pat.
2168 2350 2271 2387 rec.
2297 2338 2544 2389 Heinsius

344 2398 412 2449 ad
432 2399 833 2449 confirmandam
858 2400 1131 2449 lectionem
1168 2404 1380 2449 decoram
1418 2403 1728 2463 ascripserat
1747 2403 1917 2450 locum
1940 2402 2162 2464 Capitol.
2200 2404 2252 2449 in
2272 2401 2431 2465 Vero,
2459 2402 2547 2451 ubi

343 2462 735 2514 comissationes
758 2464 871 2526 ejus
895 2464 1141 2513 describit
1164 2480 1214 2527 p.
1238 2468 1317 2514 36.
1342 2466 1375 2511 1.
1398 2469 1481 2513 75.
1515 2466 1530 2492 ‘
1550 2464 1765 2514 donatos
1788 2472 1960 2513 autem
1982 2481 2168 2527 pueros
2193 2466 2425 2530 decoros,
2459 2466 2547 2529 qui

343 2528 727 2588 ministrarent,
768 2527 1013 2591 singulis?
1047 2543 1118 2577 sc.
1154 2528 1404 2577 convivis.
1448 2528 1612 2577 utitur
1635 2535 1688 2578 et
1723 2542 1849 2577 voce
1888 2530 2044 2577 decori
2069 2530 2270 2592 passim.
2296 2530 2368 2577 sic
2389 2544 2440 2593 p.
2463 2533 2546 2579 89.

344 2592 489 2642 l.22.
528 2593 600 2640 sic
630 2593 645 2619 ‘
670 2593 818 2655 pueri
857 2593 1049 2641 decori’
1088 2593 1359 2655 spartiano
1396 2593 1446 2640 in
1480 2593 1826 2656 Heliogabalo
1869 2608 1921 2655 p.
1948 2596 2058 2642 103.
2095 2592 2126 2641 l.
2150 2596 2232 2643 42.
2275 2600 2548 2643 notaverat

346 2664 522 2705 tamen
548 2671 763 2705 canoram
785 2663 986 2705 rectum
1026 2671 1154 2705 esse.
1192 2656 1292 2705 vid.
1318 2656 1538 2705 Casaub.
1581 2656 1646 2703 ad
1682 2656 1820 2704 Hist.
1845 2656 1981 2719 Aug.
2021 2670 2072 2718 p.
2098 2660 2210 2705 166.
2233 2656 2447 2707 Salmas.
2487 2672 2544 2721 p.

343 2724 625 2769 215.—185
675 2726 865 2769 ornatas
906 2722 1186 2769 Pan—186
1238 2720 1481 2769 Phalarim
1526 2735 1702 2768 ornnes
1741 2720 1884 2769 Vatt:
1925 2720 2073 2768 Rott.
2114 2720 2280 2769 Oisel.
2321 2722 2545 2770 Phalaris

342 2784 708 2835 Tuosne-187
740 2784 937 2845 Profuit
958 2786 1085 2837 Exc.
1120 2785 1275 2835 Laeti.
1313 2783 1517 2843 Proesnit
1536 2785 1660 2833 Vat.
1696 2798 1798 2833 sec.
1837 2784 1987 2832 Farn.
2024 2784 2168 2833 Rott.
2195 2783 2338 2834 Med.
2370 2792 2542 2849 quart.

317 2848 429 2898 ·ed.
455 2849 625 2898 Vicet.
663 2849 859 2910 Profuit
879 2849 963 2898 vel
992 2850 1230 2898 Praesiitit
1261 2848 1443 2897 Ambr.
1479 2862 1585 2897 sec.
1627 2850 1680 2896 in
1717 2850 1940 2909 margine
1976 2850 2102 2897 item
2125 2850 2247 2897 Vat.
2271 2864 2350 2911 pr.
2391 2864 2544 2897 mann

344 2912 460 2961 Viri
481 2914 618 2963 docti
642 2921 931 2963 correctum
952 2914 1217 2963 Praestitit.
1250 2913 1369 2961 scire
1378 2912 1572 2972 juvenci
1588 2914 1784 2963 Thuan.
1808 2913 1958 2961 Siculi
1979 2912 2188 2975 Tyranni
2205 2913 2391 2961 Sched.
2407 2913 2545 2963 Gud.

342 2978 473 3028 Var.
498 2978 603 3028 LL.
624 2978 708 3027 ed.
731 2976 891 3029 Antv.
912 2992 981 3028 m.
1002 2982 1243 3041 pr.—-188
1276 2977 1454 3026 awnbire
1474 2978 1636 3026 choros
1657 2978 1850 3026 Mazar.
1871 2990 2004 3026 sonos
2024 2976 2146 3026 Put.
2175 2978 2342 3041 pudori
2362 2976 2544 3030 Ambr.

1334 3090 1547 3141 NOTAE

414 3198 510 3244 182
549 3194 670 3244 Vino
688 3194 918 3255 calefacto
941 3196 1115 3259 Venus]
1148 3198 1277 3247 Quae
1294 3195 1403 3243 sine
1484 3194 1638 3255 teria,
1674 3194 1739 3243 ad
1773 3199 1954 3243 cautus
1988 3208 2331 3258 sensuumque
2366 3194 2543 3258 volup-

346 3273 543 3323 Cerere
565 3277 621 3321 et
644 3271 831 3321 Libero
850 3270 1043 3335 frigere
1064 3272 1213 3320 solet.
1484 3275 1664 3318 tatem.

411 3350 506 3396 188
544 3347 761 3410 Coronis]
793 3347 1009 3397 Corona:
1024 3347 1403 3405 redolent,sua-
1547 3347 1642 3392 185
1678 3344 1866 3407 Nimis]
1899 3344 2168 3408 Foeminas,
2187 3358 2372 3393 uxores
2392 3344 2543 3393 mari-

344 3422 707 3486 vissimumque
760 3421 937 3471 afflant
990 3424 1221 3483 odorem,
1282 3423 1403 3486 quia
1482 3419 1552 3467 tis
1574 3420 1813 3479 orbatas;
1849 3422 1930 3469 vel
1949 3434 2104 3469 nurus
2121 3420 2360 3483 proprie:
2397 3420 2542 3483 quasi

341 3498 509 3545 mistas
522 3505 641 3547 sunt
656 3500 1055 3561 unguentis‚seu
1069 3496 1396 3549 suffimentis:
1482 3496 1642 3545 Gildo
1665 3510 1752 3545 eas
1781 3496 1964 3559 jubeat
1997 3498 2074 3544 ire
2114 3497 2164 3543 in
2203 3502 2539 3556 conspectum

342 3573 394 3619 in
434 3570 680 3621 conviviis
718 3578 889 3621 autem
925 3578 1128 3622 veteres
1165 3574 1399 3634 coronari
1478 3584 1796 3631 socerorum,
1839 3571 1894 3619 id
1937 3571 2075 3633 quod
2120 3577 2204 3617 est
2245 3569 2538 3619 crudelius:

312 3644 555 3695 ·floribus
589 3648 845 3711 solebant,
884 3655 939 3697 et
975 3649 1039 3697 ad
1064 3649 1399 3713 voluptatem,
1479 3662 1673 3712 easque
1689 3648 1881 3711 jubeat
1911 3648 2010 3696 sibi
2047 3646 2260 3697 Gildoni
2294 3646 2542 3710 arridere,

340 3726 397 3771 et
421 3720 489 3769 ad
510 3723 862 3772 retundendos
886 3724 989 3773 vini
1011 3738 1243 3787 vapores.
1479 3738 1694 3788 quarum
1735 3725 1946 3772 maritos
1981 3722 2132 3771 modo
2167 3722 2448 3772 occiderit:
2484 3722 2538 3772 id

313 3820 321 3823 -
405 3800 502 3845 184
538 3798 772 3861 crinitos]
822 3800 1009 3849 Servos
1029 3800 1145 3849 illos
1180 3800 1394 3851 crinitos
1478 3798 1616 3863 quod
1641 3805 1721 3848 est
1743 3798 2168 3847 crudelissimum.
2524 3787 2534 3798 “

334 3880 494 3936 atque
536 3874 906 3925 calamistratos
956 3876 1155 3939 antiqui
1211 3890 1393 3938 magno
1541 3878 1638 3923 186
1671 3873 1926 3937 Phalarin]
1966 3874 2260 3936 'syrannum
2294 3872 2545 3937 Agrigen-

334 3947 509 4011 pretio
542 3948 811 4012 parabant,
848 3958 901 3999 et
936 3951 1099 4015 epulis
1135 3950 1392 4001 ministros
1473 3951 1696 4001 tinorum
1713 3953 1762 3999 in
1778 3949 2066 4012 Sieilia3qui
2081 3948 2308 3997 homines
2323 3948 2372 3996 iu
2388 3955 2538 4000 tauro

252 4052 271 4067 ι
330 4023 707 4086 proeflciebant.
1474 4041 1619 4075 aeneo
1633 4027 1858 4076 inclusos
1872 4024 2087 4073 flammis
2101 4024 2382 4085 suppositis
2399 4026 2538 4077 omni

398 4099 667 4163 Pubemque
686 4099 923 4163 canorum]
958 4099 1073 4149 Nec
1094 4101 1287 4149 minore
1304 4101 1392 4150 de·
1472 4100 1796 4149 immanitate
1821 4099 2068 4148 torrebat.

326 4172 467 4223 lectu
505 4174 881 4238 conquirebant
926 4190 1113 4239 pueros
1152 4177 1392 4239 sympho-
1539 4180 1636 4225 188
1671 4176 1848 4238 Quam]
1899 4174 2132 4223 Phalarin
2159 4174 2297 4235 ferre
2329 4174 2533 4239 profflt,

308 4246 521 4313 misens,
546 4251 986 4317 psaltriasque,‘et
1002 4251 1193 4321 lasciva
1220 4252 1393 4303 minis·
1469 4266 1610 4319 qaam
1643 4246 1824 4319 choros,
1866 4251 2100 4317 intellige
2133 4251 2320 4317 pmsait
2351 4254 2531 4319 pocius.
