3184 4967
1102 406 1198 456 nn
1222 400 1487 453 --nnuno
1533 402 1969 455 oinoomoo.
2507 382 2636 451 35¹7

434 552 705 618 Tertius
734 549 1057 615 occubuit
1082 550 1226 613 nati
1254 549 1501 613 virtute
1530 555 1880 631 tyrannm.

435 653 692 718 Horret
722 651 939 716 adhuc
968 650 1247 727 animus»,
1272 648 1766 732 manifestaque
1797 647 2045 731 gaudia
2074 645 2318 725 differt,

432 754 613 818 Dum
640 758 892 835 stupet,
922 757 993 814 et
1018 756 1201 814 tanto
1230 757 1585 815 cunctatur
1617 750 1882 815 credere
1909 756 2097 819 νοω,

430 854 745 920 Necdum
774 851 1137 936 Cinyphias
1162 852 1503 916 exercitus
1530 852 1750 934 attigit
1775 870 1956 929 oraS,

427 954 475 1019 J
478 974 586 1019 am
611 953 898 1020 domitus
927 951 1196 1017 Gildon.
1286 951 1513 1017 Nullis
1538 952 1819 1017 victoria
1848 950 2044 1015 nodis
2541 948 2631 1014 10

431 1056 680 1134 Haesit,
712 1076 845 1120 non
874 1059 1064 1118 terrae
1094 1053 1338 1136 spatio,
1366 1072 1497 1116 non
1528 1052 1749 1136 objice
1769 1053 1985 1136 ponti.

432 1156 902 1241 Congressum,
932 1154 1303 1238 profugum,
1334 1160 1606 1239 captum
1637 1174 1774 1221 vox
1793 1153 2064 1219 nuntiat
2090 1170 2248 1230 una,

428 1351 603 1386 rannus
622 1335 793 1387 tertiae
808 1340 1075 1397 promtam
1108 1340 1181 1387 est
1201 1336 1492 1397 fortitudine
1512 1338 1619 1404 filii
1645 1337 1887 1399 Honorii‚
1908 1335 1962 1387 id
1977 1336 2098 1399 quod
2119 1348 2262 1383 unum
2281 1332 2438 1393 defuit
2457 1331 2628 1381 trium-

418 1401 534 1465 phis
560 1401 718 1463 patris
746 1400 1038 1449 Theodosii.
1102 1400 1303 1450 Animus
1337 1416 1483 1451 meus
1516 1402 1745 1452 Ιιοπιεσίἐ
1778 1402 1950 1461 adhuc,
1983 1406 2031 1450 et
2064 1399 2114 1448 aa·
2158 1403 2234 1447 ert
2272 1404 2379 1446 tam
2415 1400 2630 1460 apertam

425 1464 664 1526 letitiam,
682 1464 795 1514 dum
819 1464 1116 1526 obstupescit,
1134 1481 1193 1514 ue
1212 1471 1423 1515 moratur
1454 1469 1642 1517 eredere
1662 1466 1812 1515 tantis
1831 1464 2024 1528 optatis.
2177 1462 2350 1511 “citus
2368 1476 2460 1509 m
2480 1460 2631 1509 adhuc

414 1529 639 1590 menie
655 1520 720 1577 ad
740 1534 921 1577 tractus
949 1527 1220 1588 Afrimoe,
1240 1536 1297 1579 et
1338 1530 1517 1581 Gildoni
1536 1532 1647 1591 jam
1681 1536 1930 1593 superam
1950 1532 2038 1577 est.
2106 1524 2394 1589 Triumphus
2411 1538 2506 1573 m
2539 1525 2632 1573 in·-

420 1594 613 1655 pedn'tus
631 1597 702 1641 est
721 1592 831 1641 unia
850 1592 1219 1657 difficultatibus,
1242 1609 1333 1643 non
1354 1596 1650 1656 longitudine
1667 1596 1874 1656 viarum,
1895 1608 1988 1641 non
2017 1590 2270 1641 obdmlis
2288 1589 2452 1639 mris.
2503 1588 2631 1637 ‘Vooe

420 1658 583 1707 eadem
602 1656 752 1716 refert
774 1670 879 1719 eum
899 1655 1180 1706 Gildonem
1212 1663 1431 1721 emme,
1458 1659 1667 1723 fugisse,
1702 1665 1757 1708 et
1776 1664 1968 1723 captum
1990 1668 2121 1718 esse,
2141 1659 2190 1703 et
2207 1653 2407 1705 victorio
2426 1666 2632 1716 μενοι·-

1347 1768 1705 1789 OOOOOOOOOO

410 1832 575 1881 ormis
589 1833 673 1881 vel
686 1832 818 1883 arvis
838 1834 967 1883 Exc.
990 1833 1110 1885 Pet.
1132 1837 1336 1883 rem—⁷
1369 1839 1579 1897 tempora
1597 1834 1767 1899 differt
1789 1833 1892 1884 inc.
1918 1832 2104 1883 Heius.
2131 1831 2312 1892 gaudia
2327 1830 2493 1877 desunt
2514 1824 2632 1877 Pal.

424 1893 572 1944 Med.
614 1911 695 1958 pr.
734 1897 824 1947 lib.
866 1898 1146 1947 Barth—9
1182 1900 1400 1948 Nondum
1436 1910 1541 1948 tres
1584 1900 1708 1949 Vat.
1749 1900 1880 1961 Reg.
1949 1898 2172 1947 Nondum
2215 1892 2442 1957 Cingfeos
2481 1889 2631 1941 Leid.

428 1958 690 2034 Cinyphias
708 1962 790 2010 vel
814 1962 1022 2024 Cepheus
1053 1960 1198 2011 Med.
1221 1977 1325 2012 see.
1377 1964 1481 2011 alus
1512 1978 1608 2027 pro
1631 1977 1740 2012 oras
1756 1964 1878 2013 Vat.
1914 1975 2022 2011 sec.
2041 1976 2110 2009 m.
2129 1962 2348 2071 giu—10
2384 1956 2529 2007 Gildo
2549 1956 2634 2005 do·

424 2028 569 2072 matun
595 2024 786 2075 Moret.
820 2040 926 2075 seo.
982 2026 1161 2075 Gildoni
1183 2026 1304 2078 Vat.
1326 2032 1448 2076 tert.
1482 2027 1626 2077 Pric.
1656 2028 1887 2076 Floreat.
1907 2026 2010 2075 duo
2034 2025 2128 2073 Me
2168 2058 2181 2072 .
2204 2020 2420 2071 totidem
2443 2021 2627 2069 Petav-

422 2086 624 2138 Bonon.
646 2088 857 2138 Tholos.
882 2090 1011 2139 Lov.
1035 2089 1218 2141 Ambr.
1240 2096 1295 2139 et
1318 2090 1489 2146 Oxou.
1515 2106 1621 2141 see.
1646 2090 1730 2141 ed.
1754 2090 1930 2141 Parm.
1954 2095 2011 2138 et
2028 2089 2201 2136 Vicet.
2256 2086 2402 2134 Gildo
2425 2088 2629 2146 septem

412 2150 529 2199 alii.
548 2151 720 2202 Oxou.
747 2167 825 2216 pr.
847 2160 1145 2217 sequentem
1165 2154 1233 2202 de
1259 2154 1481 2204 Gildone
1506 2155 1741 2205 Glossam
1767 2152 1997 2205 exhibet.
2061 2152 2078 2179 ⁸
2101 2150 2316 2199 Mortuo
2338 2145 2632 2197 Theodosio

420 2212 635 2264 Juniore
657 2217 811 2266 Gildo
844 2218 1027 2266 Comes
1067 2214 1285 2283 Africae,
1324 2219 1601 2269 arbitratus
1639 2232 1849 2282 parvam
1890 2218 1942 2267 in
1981 2214 2204 2280 parvulis
2243 2227 2387 2275 spem
2408 2209 2519 2260 fore
2554 2222 2630 2260 sc.

423 2276 649 2328 Arcadio
667 2287 722 2330 et
746 2281 997 2342 Honorio,
1031 2280 1265 2332 Africam
1296 2283 1489 2332 viribus
1512 2283 1734 2348 propriis
1757 2282 1917 2347 coepit
1936 2292 2201 2343 usurpare.
2267 2276 2442 2339 Hujus
2463 2272 2632 2348 frater

418 2342 681 2392 Mazelzer
696 2345 924 2407 germani
949 2344 1216 2406 perfidiam
1240 2348 1639 2411 perhorrescens
1661 2347 1714 2395 in
1734 2346 1944 2396 Italiam
1965 2344 2138 2395 rediit.
2187 2340 2346 2392 Gildo
2364 2340 2493 2388 duos
2515 2351 2628 2401 ejus

422 2403 577 2469 filim»
598 2421 725 2477 quos
751 2416 900 2472 pater
923 2409 1220 2471 reliquerat,
1238 2410 1618 2459 circumventos
1645 2410 1854 2460 occidit.
1921 2409 2176 2458 Mazelzer
2206 2406 2371 2455 sciens
2406 2418 2442 2451 >a
2469 2404 2632 2452 Theo·

424 2469 569 2521 dosio
590 2478 840 2535 quantum
864 2472 1071 2524 omniuo
1092 2473 1325 2522 homiues
1350 2474 1403 2521 in
1427 2475 1579 2523 rebus
1603 2474 1897 2537 desperatis
1921 2487 2017 2537 per
2039 2471 2194 2519 fidem
2215 2466 2630 2532 impetraverint,

422 2534 709 2598 Scapanam
733 2535 948 2584 insulam
972 2535 1122 2596 adiit,
1144 2537 1264 2586 inde
1288 2552 1465 2587 secum
1488 2546 1691 2588 sanctos
1709 2539 1841 2588 viros
1861 2536 2146 2593 abducens,
2166 2548 2283 2583 cum
2305 2532 2491 2597 quibus
2513 2530 2628 2579 dies

424 2596 623 2661 aliquot
653 2600 911 2663 jejunium
950 2602 1276 2649 continuavit
1311 2608 1433 2651 ante
1468 2602 1694 2652 triduum
1752 2616 1906 2665 quam
1946 2600 2083 2648 hosti
2131 2597 2404 2659 contiguus
2457 2592 2630 2643 fieret.

422 2661 604 2712 Cernit
635 2672 793 2713 nocte
814 2664 1024 2714 beatum
1046 2664 1374 2714 Ambrosium
1411 2668 1582 2729 paullo
1622 2672 1743 2715 ante
1781 2663 2104 2723 defunctum,
2127 2676 2228 2725 quo
2258 2657 2522 2709 victoriam
2544 2672 2632 2707 ca-

421 2733 593 2788 peret,
612 2727 751 2776 diem
774 2727 871 2777 sibi
893 2729 1206 2777 indicantem
1242 2743 1305 2777 ac
1344 2730 1533 2779 locum.
1600 2729 1682 2779 Ao
1703 2728 1862 2779 tertio
1895 2728 1979 2777 die
2001 2728 2172 2775 hostes
2211 2738 2329 2773 suos
2369 2729 2424 2772 et
2447 2720 2632 2771 Gildo-

417 2790 501 2839 nis
526 2791 799 2841 auxiliares
832 2792 942 2841 sine
964 2792 1103 2841 bello
1125 2792 1210 2841 dei
1244 2798 1375 2841 nutu
1408 2796 1463 2842 in
1498 2793 1815 2844 deditionem
1850 2791 2072 2855 accepit.
2139 2788 2295 2839 Gildo
2317 2788 2430 2851 ipse
2451 2784 2630 2848 fugam

418 2854 667 2917 arripiens
691 2854 937 2905 adscensa
957 2857 1079 2906 navi
1102 2854 1332 2906 Africam
1356 2857 1530 2920 rediit,
1566 2864 1622 2907 et
1659 2858 1732 2909 ibi
1767 2862 1888 2920 post
1921 2856 2121 2919 aliquot
2137 2854 2252 2902 ‘dies
2275 2850 2630 2913 strangulatus

419 2917 780 2969 interiit.’—11
814 2935 900 2969 nec
919 2922 1073 2984 spatio
1096 2922 1287 2971 Moret.
1322 2934 1427 2971 sec.
1476 2926 1623 2971 tmoe
1711 2921 1811 2971 atio
1847 2921 1972 2969 Vat.
2012 2923 2182 2984 quart.
2214 2917 2329 2966 Pal.
2353 2915 2456 2964 dno
2475 2911 2630 2963 Med.

408 2980 557 3047 'Reg.
581 2983 733 3034 ambo
750 2984 946 3036 Moret.
968 2986 1097 3037 Lov.
1120 2986 1331 3037 Tholos.
1348 2986 1536 3037 PetaV.
1556 3001 1638 3050 pr.
1707 2986 1837 3035 mbr.
1863 2990 1991 3035 tert.
2021 2982 2174 3049 spatio
2187 2986 2330 3031 terroe
2351 2985 2457 3029 tres
2475 2978 2624 3029 vatt.

426 3190 581 3249 atque
602 3184 835 3235 imminui
858 3186 1148 3238 videbatur.
1565 3192 1795 3255 Cinyphe.
1831 3190 2080 3254 Cinyphia,
2102 3189 2187 3238 vel
2212 3185 2470 3249 Cinyphe,
2491 3183 2632 3233 inte?

487 3259 685 3323 Defuit]
736 3261 1048 3312 Theodosius
1082 3279 1186 3315 non
1217 3265 1344 3315 vicit
1375 3266 1485 3315 Gil·
1563 3267 1693 3317 duas
1726 3268 1908 3331 Syrtes
1931 3265 1982 3313 in
2011 3264 2144 3315 colle
2167 3262 2450 3325 gratiarum
2466 3258 2629 3308 nasci-

419 3335 622 3400 donem,
645 3351 705 3386 ac
742 3336 959 3399 proinde
992 3340 1108 3389 haee
1132 3339 1352 3390 victoria
1370 3340 1484 3405 ejus
1564 3350 1666 3406 tur,
1689 3349 1824 3392 teste
1863 3340 2158 3400 Herodoto,
2181 3344 2238 3387 et
2270 3336 2487 3400 grandes
2519 3332 2628 3382 hir-

420 3410 666 3463 felieitati
688 3411 869 3465 defuit.
1564 3432 1653 3467 cos
1693 3418 1806 3481 alit,
1845 3416 2012 3469 dictos
2072 3414 2192 3466 iude
2240 3410 2504 3475 ciniphios,
2542 3407 2629 3461 vel

483 3490 517 3535 6
554 3486 677 3535 Nati
712 3486 914 3550 virtute]
968 3487 1230 3540 Honorius
1268 3505 1369 3541 non
1406 3490 1483 3539 in·
1565 3492 1840 3557 Cinyphia.
1871 3516 1878 3523 ·

418 3560 604 3611 terfuit
626 3562 745 3612 huic
785 3564 943 3629 bello,
981 3565 1073 3614 sed
1114 3566 1303 3617 bellum
1336 3567 1482 3633 liujus
1629 3572 1688 3617 11
1746 3567 1932 3631 Haesit]
2005 3564 2284 3628 Virgilius:
2339 3562 2355 3589 ‘
2377 3560 2628 3611 Hectoris

418 3637 661 3701 auspiciis
685 3654 715 3687 a
731 3638 1013 3690 Stilichone
1034 3649 1235 3705 gestum
1258 3649 1353 3693 est.
1560 3644 1842 3709 AEneaeque
1857 3657 2012 3693 manu
2028 3640 2250 3691 victoria
2269 3636 2484 3689 Graium
2500 3636 2626 3688 Hae-

482 3718 521 3763 8
552 3716 817 3764 Cum-tatur
847 3716 1057 3783 credere]
1112 3718 1226 3767 Etsi
1264 3718 1483 3769 victoria
1562 3718 1668 3783 sit,’
1690 3723 1788 3770 ὅτε.
2594 3759 2601 3768 ·

418 3790 485 3837 de
518 3789 739 3839 Gildone
774 3790 915 3841 clara
938 3798 1033 3855 est,
1056 3798 1227 3842 tamen
1249 3799 1355 3844 tam
1390 3794 1480 3845 ad·
1627 3796 1794 3861 Spurio
1822 3791 1986 3855 ειη-ω]
2037 3792 2260 3841 Poterat
2293 3787 2430 3840 euim
2467 3784 2624 3841 Gildo

417 3858 667 3915 mirabilis
706 3871 808 3927 est,
844 3872 951 3915 tam
984 3868 1173 3932 subita,
1208 3876 1367 3935 atque
1405 3870 1481 3921 in-
1559 3872 1615 3921 in
1637 3872 1886 3921 immensa
1919 3867 2112 3918 Africae
2155 3867 2324 3931 spatia
2356 3860 2626 3927 recedere,

422 3946 648 4009 sperata,
672 3946 731 3989 ut
748 3941 982 3992 dubitem
1002 3942 1122 3993 huie
1144 3945 1379 3996 credere.
1560 3949 1740 4014 sicque
1755 3946 1948 3997 bellum
1973 3944 2289 4009 producere:
2326 3936 2379 3989 id
2392 3953 2459 3989 ne
2470 3936 2628 3995 fieret

483 4016 637 4066 Tanto
654 4017 783 4080 voto]
828 4017 1009 4067 Tantis
1026 4018 1259 4069 victoriis
1276 4036 1341 4069 ex
1359 4028 1479 4071 voto
1556 4023 1776 4075 Stilicho
1839 4021 1968 4071 mira
2029 4017 2307 4085 prudentia
2353 4011 2623 4080 providit:

418 4107 509 4141 seu
536 4106 605 4142 ex
644 4091 901 4143 desiderio
940 4094 1374 4161 contingentibus,
1396 4099 1480 4149 vel
1559 4100 1646 4149 vel
1688 4098 1857 4161 potius
1894 4096 2061 4163 spatio
2092 4098 2267 4155 terrae,
2283 4091 2340 4144 id
2373 4096 2456 4142 est
2487 4090 2625 4165 loco·

418 4168 495 4219 ita
516 4169 842 4223 desideratis.
1559 4188 1674 4223 rum
1697 4171 1961 4223 distantia.

454 4250 515 4299 -9
550 4247 831 4315 Cinyphias]
896 4247 1189 4315 Africanas,
1237 4266 1269 4303 a
1322 4249 1481 4303 fluvio
1627 4252 1688 4299 12
1722 4244 2054 4313 congressum]
2100 4244 2242 4297 Mira
2271 4243 2504 4296 victoria
2538 4256 2622 4294 ee·
