3184 4967
566 438 656 507 26
1377 448 1942 521 rnonnooMnNA

567 604 706 671 tius
753 622 960 687 quam
988 604 1057 668 vi
1108 598 1400 684 puellam
1445 598 1888 681 aggrediatur,
1915 600 2114 676 hanc,
2142 618 2225 663 ne
2272 597 2477 665 nimis
2520 598 2765 684 juveni

569 713 916 792 repugnet,
947 704 1364 770 adhortatur.

659 806 773 873 Ad
826 807 1129 891 quintum
1165 822 1372 886 genus
1418 804 1743 887 pertinent
1786 822 1867 867 ea
1918 804 2234 881 carmina,
2265 822 2421 886 quae
2467 802 2535 867 in
2586 800 2762 867 Mss.

574 908 1003 994 epithalamio
1055 907 1342 970 Honorii
1369 912 1436 969 et
1467 906 1711 969 Mariae
1762 906 1873 969 vel
1910 907 2397 988 praemittuntur
2426 906 2535 969 vel
2580 912 2774 988 post«

576 1018 920 1097 ponuntur.
1006 1010 1344 1093 Inscripta
1391 1008 1659 1091 quidem
1689 1008 1887 1089 vulgo
1931 1012 2084 1071 sunt
2140 1002 2511 1070 Fescennina
2526 1029 2551 1075 ,·
2611 1025 2767 1071 cum

579 1119 794 1179 autem
827 1115 902 1176 in
953 1112 1125 1177 Mss.
1161 1114 1310 1176 haec
1349 1112 1699 1194 inscriptio
1727 1110 1958 1187 variet,
2008 1130 2164 1175 num
2218 1128 2302 1172 ea
2351 1110 2631 1191 genuina
2660 1110 2773 1185 sit,

577 1219 800 1301 potest
819 1214 1125 1277 dubitari.
1167 1211 1482 1277 Carmina
1511 1216 1665 1276 sunt
1692 1216 1998 1294 quatuor,
2026 1230 2174 1287 nec,
2201 1217 2276 1275 ut
2308 1210 2415 1273 vei
2450 1226 2539 1273 ex
2568 1228 2773 1291 argu-

579 1321 803 1384 mento
847 1320 1048 1398 patet,
1073 1315 1236 1379 inter
1281 1334 1354 1378 se
1403 1312 1823 1389 cohaerentia,
1850 1317 1924 1375 ut
1968 1312 2238 1395 quidam
2271 1316 2493 1375 tamen
2527 1314 2776 1375 statue·-

581 1418 753 1492 runt,
777 1418 846 1479 in
874 1435 1152 1499 quorum
1176 1415 1391 1498 primo
1411 1413 1751 1495 Principis
1772 1411 2189 1495 pulchritudo
2212 1410 2601 1487 celebratur,
2620 1428 2776 1493 quae

582 1522 768 1582 tanta
797 1518 904 1593 sit,
933 1521 1009 1579 ut
1039 1534 1266 1578 omnes
1306 1515 1494 1579 Deas
1535 1532 1757 1578 amore
1799 1512 2123 1578 accendat
2150 1518 2218 1577 et
2245 1512 2355 1576 vel
2388 1510 2673 1595 Scythas
2708 1516 2777 1575 et

585 1616 1004 1701 Hippolyten
1024 1617 1268 1681 domet.
1355 1616 1439 1679 In
1481 1622 1622 1681 toto
1650 1617 1775 1681 hoc
1816 1615 2101 1679 carmine
2129 1633 2209 1677 ne
2249 1612 2595 1681 levissima
2638 1612 2783 1695 qui·-

585 1720 738 1782 dem
765 1703 1157 1799 significatio
1181 1718 1488 1794 occurrit,
1506 1717 1673 1780 illud
1692 1718 1762 1780 in
1786 1716 2077 1781 Honorii
2104 1715 2374 1779 laudem
2392 1733 2543 1779 esse
2574 1715 2783 1796 scrip-

585 1826 747 1899 tum,
773 1820 896 1885 sed
922 1824 1140 1903 potest
1165 1820 1256 1882 ad
1299 1838 1781 1903 quemcumque
1809 1819 2155 1903 pulchrum
2178 1816 2559 1899 Principem
2588 1817 2784 1881 trahi.

591 1920 894 1986 Ceterum
935 1940 1071 1983 non
1119 1920 1538 1985 invenustum
1591 1926 1713 1997 est,
1770 1926 1837 1984 et
1892 1921 2059 1984 inter
2104 1919 2383 1983 meliora
2429 1916 2785 1983 Claudiani

589 2027 810 2111 potest
839 2023 1118 2087 censeri.
1208 2021 1292 2085 In
1336 2022 1627 2086 secundo
1656 2026 1839 2085 totus
1862 2026 2178 2086 terrarum
2208 2020 2392 2083 orbis
2438 2018 2525 2083 ad
2546 2037 2783 2083 conce-

589 2122 941 2187 lebrandas
991 2125 1254 2207 nuptias
1296 2126 1632 2189 invitatur.
1720 2122 1936 2187 Priori
1977 2123 2205 2185 forsan
2238 2126 2338 2184 est
2382 2125 2789 2204 postponen-

593 2223 773 2289 du'm.
860 2225 1178 2304 Tertium,
1206 2226 1384 2310 quod
1417 2227 1737 2308 scriptum
1770 2228 1873 2287 est
1906 2221 1990 2286 ad
2014 2223 2465 2298 Stilichonem,
2483 2219 2792 2301 frigidam

595 2328 888 2390 eontinet
929 2329 1344 2404 sententiam,
1382 2346 1506 2391 nec
1538 2348 1580 2391 a
1606 2326 1849 2390 virtute
1894 2325 2161 2408 poetica
2188 2326 2411 2407 potest
2458 2338 2791 2387 commen·
2905 2366 2919 2381 x

596 2426 766 2491 dari.
853 2426 1216 2492 Venustius
1265 2435 1370 2494 est
1398 2434 1725 2511 quartum,
1753 2447 1877 2491 nec
1908 2429 2125 2491 solum
2159 2426 2485 2509 ingenium
2518 2419 2791 2498 Catulli,

597 2525 718 2591 sed
745 2526 947 2591 etiam
965 2528 1320 2593 lasciviam
1349 2531 1498 2612 ejus
1541 2533 1773 2614 spirat,
1812 2548 2173 2612 verumque
2202 2523 2609 2609 epithalamii
2638 2523 2796 2587 titu-

595 2626 736 2693 lum
765 2626 893 2692 sibi
915 2633 1136 2711 potest
1167 2630 1526 2696 vindicare.
1616 2632 1951 2709 BarthiuS,
1976 2648 2171 2714 quem
2197 2630 2469 2691 secutus
2488 2630 2597 2689 est
2626 2622 2796 2688 Ges·

599 2746 815 2806 neruS,
872 2731 1304 2809 existimavit,
1354 2734 1477 2798 illa
1545 2734 1843 2799 carmina
1900 2733 2118 2816 primo
2164 2730 2546 2813 nuptiarum
2596 2726 2705 2790 die
2752 2740 2799 2787 a

602 2826 972 2898 Claudiano
997 2849 1144 2895 esse
1173 2834 1474 2911 recitata,
1499 2853 1654 2916 quae
1674 2854 1823 2898 cum
1846 2836 2059 2897 minus
2087 2830 2503 2915 placuissent
2523 2827 2801 2911 quibus·

603 2928 758 2993 dam
787 2930 1248 3011 severioribuS,
1275 2933 1485 3011 illum,
1516 2940 1593 2997 ut
1619 2933 2007 3012 ostenderet,
2032 2952 2103 2997 se
2141 2950 2344 3017 posse
2364 2930 2569 2993 etiam
2598 2928 2799 2992 altius

604 3031 924 3113 quiddam
949 3037 1014 3095 et
1061 3037 1327 3113 gravius
1373 3054 1632 3114 canere,
1660 3037 1951 3119 septimo
1991 3034 2099 3099 die
2138 3032 2440 3098 attulisse
2461 3028 2803 3115 [epithala-

605 3132 836 3209 mium,
871 3133 1051 3215 quod
1079 3140 1306 3199 nostro
1337 3136 1560 3200 ordine
1583 3137 1915 3200 decimum
1942 3142 2068 3200 est.
2157 3133 2410 3198 Verum
2440 3132 2615 3194 enim
2642 3146 2805 3194 vero

608 3232 835 3296 omnia
861 3232 1011 3297 haec
1063 3236 1355 3301 nituntur
1406 3237 1818 3319 conjectura,
1868 3238 1979 3305 cui
2016 3254 2250 3299 ansam
2301 3232 2623 3295 dederunt
2670 3246 2803 3293 πε.

609 3314 675 3395 9.
706 3350 896 3416 seqq.
947 3336 1258 3400 carminis
1307 3354 1419 3402 lx.
1472 3356 1682 3420 quam
1710 3356 1831 3401 nec
1866 3338 2216 3419 infringere
2244 3352 2371 3398 nec
2416 3331 2805 3398 confirmare

611 3450 836 3515 operae
862 3436 1142 3516 pretium
1169 3438 1447 3503 videtur.

615 3570 626 3577 -
699 3533 908 3599 Porro
936 3536 1053 3601 illa
1097 3542 1410 3618 carmina,
1461 3542 1698 3623 quibus
1740 3541 2036 3625 praelusit
2079 3536 2446 3621 majoribus
2493 3531 2811 3598 Claudia·-

609 3636 762 3711 nuS,
791 3655 1034 3701 novum
1065 3659 1266 3721 genus
1319 3642 1760 3721 constituunt,
1809 3644 1877 3705 in
1908 3658 2188 3725 quorum
2216 3638 2556 3703 nonnullis
2585 3638 2809 3700 osten·-

613 3734 732 3813 dit,
764 3737 927 3819 quid
957 3746 1272 3822 praestare
1305 3745 1665 3823 potuisset,
1696 3748 1756 3806 si
1789 3744 2010 3806 Musis
2040 3748 2315 3817 tantum,
2336 3758 2476 3803 non
2501 3736 2811 3826 Honorio

615 3841 682 3899 et
709 3834 1082 3917 Stilichoni,
1114 3842 1488 3906 cecinisset.
1580 3842 1837 3906 Forsan
1870 3862 2061 3906 suum
2110 3841 2423 3924 quodque
2472 3854 2739 3902 carmen
2770 3852 2811 3897 e

615 3936 982 4019 majoribus
1012 3940 1589 4021 praefatiunculam
1616 3942 1875 4022 habuit,
1906 3942 2021 4006 sed
2063 3941 2399 4024 quaedam,
2422 3958 2576 4002 cum
2624 3935 2813 4001 colli·-

617 4044 910 4116 gerentur
937 4039 1008 4101 in
1035 4059 1238 4104 unum
1267 4042 1661 4107 fasciculum
1692 4043 2044 4108 Claudiani
2077 4042 2392 4119 carmina,
2426 4040 2572 4123 jam
2616 4037 2813 4101 inter-

618 4136 950 4219 ciderant3
991 4144 1088 4222 ut,
1119 4148 1370 4222 contra,
1397 4144 1707 4227 quaedam
1750 4144 2281 4232 praefatiunculae
2311 4146 2543 4207 extare
2586 4136 2817 4205 viden·

3163 737 3177 858 -ῌ-
