3184 4967
562 352 693 419 384

561 510 647 575 In
670 510 884 593 primo
914 509 1224 591 genitore,
1248 507 1429 583 vide,
1463 506 1662 570 civile
1691 502 1990 571 calebat

560 612 958 676 Dissidium.
1046 610 1281 674 Dubio
1312 608 1579 671 stabant
1607 606 1920 671 Romana
1947 606 2074 670 sub
2101 608 2262 671 ictu.

562 711 739 790 Quis
768 713 1005 794 procul
1034 710 1415 786 ArmeniuS,
1444 711 1551 772 vel
1581 710 1734 793 quis
1769 708 2092 773 Maeotide
2117 709 2267 791 ripa

563 812 721 877 Rex
750 813 1013 895 ignotus
1042 814 1199 894 agit,
1233 810 1351 897 qui
1378 830 1488 875 me
1517 829 1654 873 non
1673 810 1848 893 juvit
1875 810 2186 873 euntem?

1272 365 1393 413 tua.
1424 362 1866 411 ‘CLAUDIAM
1916 364 2046 410 XV.

559 912 843 979 Auxilio
866 914 1095 977 fovere
1126 912 1351 989 Getae,
1382 930 1620 977 venere
1645 910 1916 975 Geloni.
2627 910 2788 1011 245

562 1016 761 1080 Solus
783 1021 852 1079 at
877 1016 1010 1092 hie,
1040 1034 1169 1078 non
1196 1034 1429 1097 puppe
1460 1012 1640 1091 data,
1671 1033 1803 1077 non
1830 1014 2038 1077 milite
2065 1013 2298 1089 misso,
2779 1022 2786 1029 '

560 1115 901 1193 Subsedit,
928 1116 1235 1179 fluitante
1262 1115 1411 1179 fide.
1500 1116 1575 1179 Si
1603 1117 1794 1197 signa
1821 1116 2104 1197 petisset

564 1218 806 1296 Obvia,
837 1219 1098 1282 detecto
1128 1216 1535 1281 submissius
1558 1216 1752 1280 hoste
1783 1216 2100 1280 dolerem.

559 1422 691 1457 antor
705 1406 883 1457 fratris
904 1410 1145 1456 comatur
1164 1422 1195 1456 a
1204 1406 1387 1466 fratre.
1454 1406 1708 1453 Considera
1741 1403 1946 1467 primum
1971 1402 2022 1451 in
2059 1416 2142 1450 me
2174 1406 2314 1464 patre
2333 1406 2424 1450 tuo
2445 1402 2630 1451 merita
2651 1400 2764 1451 Gii-

560 1472 725 1521 doniS.
790 1472 977 1520 Bellum
996 1472 1132 1521 civile
1153 1471 1375 1520 ardebat.-
1406 1483 1483 1517 res
1515 1470 1740 1517 Romam
1766 1467 1956 1515 stabant
1975 1466 2060 1514 sub
2081 1469 2178 1514 ictu
2197 1466 2413 1528 ancipiti.
2483 1466 2607 1520 Quis
2623 1468 2764 1527 longe

559 1537 815 1586 Armenius
836 1536 969 1597 Rex,
998 1541 1085 1585 aut
1107 1536 1212 1598 quis
1234 1536 1343 1583 Rex
1362 1534 1629 1593 incognitus
1649 1533 1701 1579 in
1722 1532 1881 1579 littore
1900 1532 2120 1579 Moeotieo
2137 1530 2276 1590 vivit,
2307 1532 2389 1593 qui
2408 1544 2500 1577 non
2521 1530 2764 1589 adjuverit

560 1616 645 1651 me
662 1598 1030 1665 proficiscentem
1048 1601 1111 1649 ad
1134 1598 1357 1647 bellum?
1426 1598 1567 1645 Getoe
1600 1600 1920 1644 austeram-unt
1959 1610 2051 1643 nos
2085 1594 2187 1643 suis
2211 1594 2603 1654 viribus,.Geloni
2621 1596 2766 1643 adeo·
2786 1610 2799 1617 ·

558 1670 732 1713 nerunt
744 1682 761 1714 .-
790 1666 873 1713 .ved
890 1664 983 1712 iste
1000 1678 1121 1713 unus
1141 1662 1299 1711 Gildo
1317 1660 1652 1723 ambigua—fide
1671 1660 1913 1720 remansit,
1937 1659 2047 1707 navi
2066 1673 2159 1707 non
2177 1660 2470 1717 ministrata,
2489 1673 2582 1706 non
2603 1658 2765 1707 missin

560 1728 803 1779 militibus.
872 1728 931 1777 Sa·
951 1728 1120 1775 ruisset
1151 1726 1203 1775 in
1233 1726 1406 1775 vexilla
1426 1724 1547 1773 mihi
1566 1724 1826 1785 contraria,
1844 1726 1996 1773 minus
2025 1725 2268 1785 irascerer,
2291 1722 2404 1786 ipso
2425 1722 2555 1771 hoste
2573 1727 2762 1785 aperto.

1502 1866 1589 1886 00⁴0
1592 1867 1798 1886 OOOOOOO
1801 1867 1859 1887 00

559 1950 677 1999 Pal.
702 1950 853 1999 Farn.
879 1947 1030 1997 Rott.
1076 1949 1125 1995 in
1136 1946 1299 2007 fratre
1320 1954 1375 1997 et
1398 1948 1600 1998 emend.
1634 1964 1663 1997 a
1686 1948 1850 2005 fratre
1873 1948 2018 1999 Leid.
2045 1964 2124 2011 pr.
2145 1950 2272 1997 Exe.
2289 1948 2492 1997 Ruben.
2536 1948 2590 1996 in
2596 1947 2767 2007 fratre

562 2016 645 2063 vel
664 2015 872 2074 infracta
894 2014 1121 2061 Florent.
1145 2014 1337 2060 Thurin.
1384 2011 1611 2074 infracta,
1651 2014 1700 2061 in
1708 2012 1870 2067 fratre
1901 2015 1984 2061 vel
2002 2029 2031 2062 a
2043 2014 2208 2073 fratre
2232 2014 2348 2061 Vat.
2374 2018 2494 2061 tert.
2530 2012 2765 2069 flecma

560 2079 663 2141 leg.
688 2078 867 2126 Heius.
914 2078 1089 2125 recedit
1109 2079 1228 2124 Vat.
1252 2076 1416 2139 quint.
1442 2078 1719 2126 Pan—241
1755 2080 1884 2125 vides
1915 2077 2057 2127 Med.
2090 2082 2259 2140 quart.
2309 2077 2438 2124 videt
2458 2076 2604 2125 Prie.
2651 2077 2764 2125 eide

563 2146 644 2191 vei
669 2142 797 2190 vides
820 2142 1005 2190 Petav.
1047 2156 1124 2203 pr.
1168 2140 1345 2189 colebat
1366 2140 1510 2189 Med.
1544 2156 1648 2190 sec.
1685 2154 1752 2190 m.
1791 2146 1996 2191 s.—-242
2030 2140 2298 2191 Discidium
2337 2140 2554 2203 triginta
2591 2140 2760 2189 codd.

564 2208 695 2255 Exe.
737 2208 952 2255 Gevart.
992 2208 1141 2253 maie.
1187 2204 1285 2253 vid.
1321 2220 1392 2253 vs.
1432 2208 1712 2252 237.—-—243
1745 2206 1848 2267 quis
1865 2206 1938 2252 vel
1959 2207 2073 2253 Vat.
2097 2220 2198 2253 see.
2219 2205 2517 2254 Pisce-244
2545 2206 2654 2264 agit
2672 2204 2764 2251 vei

560 2277 665 2319 erat
687 2270 808 2318 Pur.
844 2284 937 2317 mm
960 2283 1033 2315 me
1040 2270 1175 2327 juvit
1200 2268 1345 2315 Leid.
1365 2282 1441 2330 pr.
1458 2275 1513 2315 et
1537 2268 1720 2330 viginti
1742 2269 1847 2332 alii,
1869 2268 1950 2317 ed.
1972 2270 2145 2317 Parm.
2169 2275 2224 2317 et
2245 2269 2419 2318 Vicet.
2467 2283 2543 2316 me
2561 2282 2655 2315 non
2676 2269 2764 2315 «da

549 2335 681 2393 juvit
714 2333 829 2382 Pal.
863 2332 1010 2380 Med.
1048 2346 1126 2393 pr.
1178 2346 1271 2380 non
1306 2346 1379 2379 me
1400 2332 1502 2393 quis
1527 2330 1699 2380 Oxon.
1722 2346 1823 2381 see.
1873 2334 1990 2381 vicit
2013 2334 2201 2383 Petav.
2224 2348 2326 2381 sec.
2375 2333 2503 2381 novit
2526 2346 2620 2395 pro
2633 2332 2763 2391 juvit

564 2398 793 2446 Florent.
844 2400 1056 2457 egentem
1094 2394 1274 2442 Ambr.
1321 2399 1557 2457 pin—245
1593 2396 1774 2445 auxilio
1826 2410 1941 2445 eum
1984 2399 2177 2461 στιγμῇ,
2220 2396 2408 2446 Petav.
2449 2410 2552 2445 see.
2595 2396 2762 2443 Hein-

560 2462 666 2509 sius
689 2460 1018 2521 ascripserat,
1051 2461 1066 2487 ‘
1073 2458 1237 2521 juvet]
1260 2467 1403 2508 reete
1424 2460 1535 2507 haee
1556 2461 1834 2522 leguntur;
1867 2460 1936 2507 nil
1961 2470 2120 2511 muta.
2156 2462 2230 2509 sie
2253 2468 2308 2509 et
2317 2460 2488 2519 juvare
2509 2460 2764 2509 absolute.
2813 2492 2822 2497 -

560 2526 768 2575 Vuleat.
802 2524 1053 2572 Gallican.
1087 2524 1138 2571 in
1162 2522 1348 2571 Avidio
1386 2522 1593 2572 Cassio:
1637 2524 1729 2572 sed
1752 2530 1807 2573 et
1833 2525 1944 2573 aliis
1965 2526 2280 2584 civitatibus,
2339 2539 2418 2573 11ae
2436 2525 2580 2572 illum
2611 2524 2766 2585 juve-

565 2598 702 2649 rant,
740 2589 955 2651 ignovit.
1019 2588 1134 2636 Val.
1178 2587 1351 2635 Flace.
1385 2588 1421 2635 1.
1456 2601 1533 2635 lv.
1564 2592 1682 2638 618.
1715 2589 2018 2652 hostemque
2049 2590 2258 2653 juvabis
2355 2588 2548 2637 axilio!
2593 2588 2768 2646 fovere

564 2653 711 2702 Leid.
733 2668 811 2715 pr.
834 2668 903 2700 m.
928 2666 1005 2715 pr.
1023 2652 1161 2700 Prie.
1183 2651 1345 2700 Oisel.
1366 2650 1487 2699 Aid.
1510 2652 1642 2701 Exe.
1665 2652 1812 2701 Laeti.
1833 2651 2005 2710 favere
2021 2654 2206 2717 viginti
2229 2652 2331 2701 duo
2353 2653 2460 2712 alii,
2475 2652 2559 2699 ed.
2579 2652 2762 2700 Pau-m.

560 2726 615 2764 et
632 2718 803 2765 Vicet.
816 2715 985 2775 favere
1002 2716 1087 2764 vei
1096 2715 1261 2772 fovere
1276 2716 1396 2763 Vat.
1413 2730 1489 2777 pr.
1508 2716 1810 2778 Put.fovere
1827 2716 1998 2765 Geloni
2020 2719 2151 2767 Exe.
2171 2717 2535 2765 {tabem—‘246
2555 2716 2694 2771 Solus
2709 2721 2764 2764 at

560 2781 638 2829 hic
654 2794 815 2841 marg.
833 2781 1007 2829 Parm.
1024 2787 1079 2827 et
1097 2779 1220 2828 Var.
1244 2779 1349 2826 LL.
1372 2780 1452 2841 ed.
1476 2780 1634 2829 Antv.
1657 2794 1725 2827 m.
1751 2795 1828 2843 pr.
1865 2780 2003 2829 Solus
2021 2782 2174 2831 adbuc
2189 2780 2308 2829 Vat.
2329 2794 2407 2842 pr.
2425 2779 2567 2829 Prie.
2593 2781 2762 2829 Oisel.

562 2846 693 2894 Exc.
728 2845 931 2892 Ruben.
966 2844 1048 2891 ed.
1084 2843 1257 2890 Parm.
1282 2850 1338 2891 et
1362 2842 1527 2891 Vieet.
1569 2844 1692 2905 pube
1711 2844 1904 2893 Thurin.
1928 2846 2120 2895 Μαῖαν.
2165 2858 2318 2907 puppe
2339 2845 2420 2892 vel
2436 2843 2558 2906 pube
2588 2844 2764 2893 Oxou.

563 2912 826 2959 see—24⁵1
862 2907 1045 2956 tulisset
1080 2907 1193 2953 Pal.
1233 2907 1374 2955 Med.
1402 2920 1479 2967 pr.
1502 2921 1634 2955 unus
1658 2908 1835 2957 Heius.
1877 2909 2104 2971 petissent
2136 2908 2280 2957 Med.
2303 2922 2403 2958 see.
2425 2924 2493 2957 m.
2519 2913 2762 2971 lin—248

560 2972 733 3029 deiecto
754 2972 955 3019 Thoios.
1006 2970 1186 3028 defecto
1216 2971 1338 3017 Vat.
1370 2984 1451 3031 pr.
1486 2968 1652 3019 Oisel.
1693 2972 1922 3023 Floreat.
1959 2986 2025 3023 m.
2058 2988 2140 3035 pr.
2188 2975 2368 3021 detecto
2389 2972 2536 3021 Leid.
2555 2987 2633 3035 pr.
2656 2972 2761 3020 duo

563 3032 737 3083 Oxon.
768 3036 949 3081 detecto
972 3036 1053 3081 vel
1074 3034 1251 3091 dejecto
1274 3030 1452 3081 Ambr.
1476 3048 1576 3082 sec.
1609 3034 1852 3084 Heinsius
1891 3039 2201 3100 ascripserat
2233 3038 2399 3085 locum
2426 3035 2685 3099 Lamprid.
2709 3036 2763 3084 in

562 3096 858 3146 Alexandro
882 3098 1085 3144 Severo.
1123 3111 1174 3159 p.
1204 3099 1310 3145 120.
1346 3098 1361 3122 ‘
1388 3110 1452 3143 ne
1491 3097 1765 3159 aliquando
1805 3100 2043 3149 detectus
2065 3101 2277 3163 capitali
2299 3100 2552 3165 supplicio
2574 3099 2762 3149 subde-

563 3160 742 3210 retur.’
776 3167 831 3209 et
849 3175 898 3224 p.
920 3164 1031 3209 129.
1068 3162 1082 3187 ‘
1104 3160 1277 3208 statim
1297 3159 1345 3207 iu
1372 3158 1510 3209 furto
1528 3162 1770 3213 detectus
1787 3164 1904 3213 est.'
1936 3167 2134 3215 dolorem
2152 3180 2246 3229 pro
2263 3165 2463 3213 dolerem
2479 3166 2561 3214 ed.
2583 3165 2760 3213 Parm.

1545 3339 1591 3387 N
1603 3338 1758 3389 OTAE

620 3450 716 3496 241
760 3446 899 3510 Vide]
952 3447 1015 3495 In
1054 3460 1137 3496 me
1182 3454 1331 3511 patre
1372 3454 1463 3497 tuo
1499 3450 1617 3499 vide

558 3524 744 3573 merita
762 3524 1019 3586 Gildonis,
1038 3526 1123 3589 qui
1148 3539 1229 3574 me
1252 3526 1389 3573 solus
1406 3540 1509 3575 non
1533 3527 1619 3575 ad·
1641 3530 1646 3535 '

1700 3452 1847 3503 tabat
1869 3454 2025 3502 ictum
2045 3454 2291 3517 subitum,
2313 3454 2400 3517 qui
2419 3452 2629 3502 dubiam
2651 3450 2760 3501 effi·
2791 3467 2802 3478 ’

1699 3536 1845 3576 eeret
1867 3531 1978 3592 ejus
2009 3533 2242 3579 salutem.

549 3598 711 3662 juvit,
751 3614 868 3648 eum
900 3612 1049 3663 reges
1082 3614 1255 3649 omnes
1294 3616 1375 3649 me
1407 3602 1618 3664 adjuva-

560 3680 697 3724 rent.

626 3751 803 3813 Civile]
836 3751 963 3801 Cum
987 3751 1204 3799 Maximo
1226 3758 1283 3800 et
1310 3752 1513 3814 Victore,
1532 3753 1617 3815 qui

558 3842 590 3878 a
629 3827 909 3876 Theodosii
952 3827 1145 3875 virtute
1191 3830 1425 3890 oppressi
1479 3836 1616 3878 sunt.

560 3902 647 3950 De
672 3902 889 3951 Maximo
904 3916 1094 3966 snpra3
1134 3901 1295 3950 Victor
1310 3910 1482 3952 autem
1505 3912 1618 3953 erat

558 3975 770 4038 hujusce
802 3976 966 4025 filius:
1002 3983 1277 4041 utrumque
1298 3978 1617 4027 Theodosius

557 4051 611 4101 in
634 4054 760 4102 urbe
784 4054 1028 4117 Aquileia
1046 4062 1209 4105 morte
1231 4056 1489 4105 multavit.

596 4150 606 4161 ε
622 4132 721 4177 242
742 4130 843 4179 Sub
858 4126 978 4192 ieta]
1011 4132 1289 4195 Imperium
1312 4134 1618 4194 Romanum,

560 4202 705 4269 quasi
726 4202 951 4267 victima,
970 4204 1161 4269 stabat,
1182 4214 1237 4254 et
1262 4206 1411 4255 .velut
1434 4220 1620 4269 expec-

1761 3606 1857 3651 243
1890 3605 2162 3668 Armenius]
2217 3602 2464 3653 Armenia
2496 3609 2576 3652 est
2616 3601 2762 3665 regio

1699 3676 1856 3727 Asiae.

1765 3754 2015 3815 Maeotide]
2053 3756 2206 3804 Palus
2244 3754 2455 3803 Maeotis
2489 3758 2572 3802 est
2607 3764 2762 3815 supra

1701 3830 1925 3878 Pontum
1950 3832 2227 3891 Euxinum,
2241 3830 2389 3893 eujus
2409 3830 2574 3892 ripam
2599 3830 2760 3877 Mae'o-
2788 3853 2798 3862 =

1699 3904 1860 3953 tidem
1888 3906 2122 3953 incolunt
2145 3906 2271 3955 varii
2293 3905 2488 3967 populi.
2719 3932 2729 3939 -

1763 3984 1858 4028 245
1887 3981 2044 4040 Getae,
2065 3980 2263 4042 Geloni]
2295 3980 2430 4028 Sunt
2447 3978 2626 4042 populi
2643 3992 2760 4028 ver·

1701 4070 1786 4103 sus
1807 4056 2260 4118 Septemtriouem.
2789 4070 2798 4078 ·

1761 4136 1865 4181 248
1892 4132 2120 4196 Detecto]
2166 4132 2334 4181 Hoste
2383 4136 2584 4193 aperto.
2652 4126 2798 4177 Alii-

1697 4207 1879 4269 legunt
1897 4209 2097 4273 defecto,
2133 4208 2169 4257 i.
2193 4222 2239 4257 e.
2278 4206 2402 4271 Ipso
2421 4205 2648 4257 Gildone
2669 4204 2764 4253 de-
2788 4236 2798 4242 ψ
