3184 4967
627 339 725 432 14'
1449 377 2011 434 rnonnoounru
2140 407 2145 415 -

627 528 884 595 venalis
939 532 1236 610 tempore
1289 527 1565 612 plausus
1614 533 1786 594 erat
1832 532 1899 591 et
1954 525 2187 592 sames.
2272 527 2406 593 Sed
2478 549 2631 595 cum
2694 539 2828 594 nori

629 631 915 714 amplius
961 635 1381 694 nascerentur
1431 628 1679 713 poetae,
1723 628 1842 694 sed
1895 631 1985 694 in?
2010 629 2338 694 rhetorum
2388 631 2719 696 subselliis
2762 635 2831 696 et

627 735 1205 817 grammaticorum
1244 732 1494 796 scholis
1539 731 1945 815 fingerentur,
1990 733 2226 796 nemini
2273 738 2490 817 potest
2529 734 2830 798 mirabile

630 835 868 914 videri,
915 835 1091 918 quod
1121 835 1190 897 in
1216 833 1597 916 hujusmodi
1642 835 2003 898 carminum
2041 835 2413 899 inventione
2440 841 2505 899 et
2542 835 2829 918 disposi-

627 939 804 1002 tione
829 936 1050 1001 rhetor
1063 937 1348 1020 jejunus,
1377 938 1444 999 in
1473 937 1932 1003 enunciatione
1958 941 2027 998 et
2052 942 2283 999 ornatu
2316 937 2521 1019 poeta
2547 935 2827 1017 frigidus

631 1043 1052 1121 agnoscatur.
1143 1036 1302 1114 Quo
1328 1044 1621 1119 tempore
1652 1037 1763 1100 hic
1788 1028 1933 1100 mos
1971 1038 2440 1119 percrebuerit,
2470 1057 2602 1100 non
2629 1037 2831 1101 facile

627 1141 922 1204 dixeris:
969 1140 1184 1222 prima
1227 1138 1424 1222 hujus
1469 1140 1566 1202 rei
1610 1139 1880 1215 mentm,
1918 1137 2099 1220 quod
2136 1139 2443 1222 equidem
2476 1142 2711 1216 sciam,
2754 1138 2833 1204 fit

629 1243 762 1306 sub
806 1242 1082 1325 imperio
1131 1239 1484 1303 Pescennii
1532 1239 1726 1320 Nigri
1771 1244 1839 1303 et
1878 1238 2252 1303 Alexandri
2297 1239 2549 1323 Severi.
2638 1238 2831 1306 Anti-

631 1345 870 1428 quiora
919 1349 1138 1407 autem
1181 1346 1415 1406 extant
1456 1342 1592 1406 duo
1640 1344 1959 1420 carmina,
2004 1363 2155 1426 quae
2214 1343 2282 1405 in
2328 1341 2503 1406 hunc
2560 1361 2833 1408 censum

629 1446 918 1524 veniunt,
950 1444 1223 1508 alterum
1268 1444 1338 1506 in
1382 1442 1774 1523 Messalam,
1821 1444 2001 1526 quod
2039 1444 2310 1507 Tibullo
2342 1449 2690 1526 perp'eram
2716 1445 2835 1508 tri-

630 1547 876 1624 buitur,
903 1565 1026 1610 nec
1056 1543 1314 1608 definiri
1342 1549 1589 1628 potest,
1638 1565 1681 1609 a
1725 1565 1860 1628 quo
1898 1552 1965 1609 et
2004 1564 2137 1628 quo
2182 1549 2477 1627 tempore
2504 1545 2595 1609 sit
2621 1547 2832 1630 scrip-

630 1653 790 1725 tum,
821 1649 1097 1712 alterum
1125 1646 1209 1710 ad
1240 1646 1583 1724 Pisonem,
1629 1648 1808 1730 quod
1836 1647 2091 1712 Lucani
2118 1666 2359 1711 nomen
2385 1645 2555 1710 salso
2583 1667 2725 1732 prae
2756 1665 2835 1712 so

629 1749 778 1825 fert,
829 1754 896 1813 et
942 1748 1170 1812 Saleio
1217 1747 1461 1824 Basso,
1511 1748 1628 1830 qui
1689 1748 1816 1813 sub
1869 1747 2134 1813 Nerone
2185 1752 2252 1810 et
2305 1746 2831 1829 Imperator-ibus

631 1849 1061 1934 sequentibus
1089 1849 1285 1926 vixit,
1317 1868 1359 1912 a
1385 1845 1851 1914 Wemsdorfio
1900 1849 2299 1931 assignatur.
2392 1847 2639 1913 Forma
2683 1849 2835 1933 qui-

631 1950 783 2014 dem
808 1947 1070 2014 illorum
1091 1952 1289 2034 plane
1331 1951 1564 2014 eadem
1606 1957 1709 2016 est
1752 1949 1907 2016 cu'm
1948 1971 2029 2015 eo
2075 1969 2327 2032 genere,
2358 1951 2441 2014 de
2472 1971 2606 2034 quo
2652 1969 2831 2016 nunc

633 2050 1014 2136 quaerimuS,
1061 2051 1179 2116 sed
1206 2052 1418 2117 missa
1446 2058 1605 2117 sunt
1644 2053 1733 2117 ad
1775 2053 1930 2118 illos
1959 2053 2163 2130 viros,
2192 2071 2323 2116 non
2356 2071 2577 2118 coram
2602 2053 2733 2122 illis
2763 2053 2835 2118 in

629 2158 810 2219 coetu
839 2154 1063 2238 aliquo
1093 2155 1346 2219 solenni
1371 2157 1670 2221 recitata.

627 2261 636 2268 '
665 2279 694 2304 ·-
721 2255 860 2320 His
881 2256 1274 2339 praemissis,
1299 2257 1614 2321 accedere
1640 2276 1999 2342 possumus
2028 2257 2116 2322 ad
2134 2260 2229 2336 id,
2252 2259 2435 2343 quod
2462 2261 2653 2326 nobis
2682 2275 2837 2342 pro-

632 2357 998 2442 posuimus,
1031 2363 1229 2440 atque
1258 2360 1628 2436 ostendere,
1660 2379 1850 2443 quem
1880 2361 2101 2425 locum
2134 2362 2303 2427 inter
2348 2360 2587 2443 poetas
2635 2359 2837 2424 Clau-

631 2452 875 2523 ‘dianus
931 2459 1250 2540 obtineat,
1309 2460 1488 2545 quod
1515 2509 1522 2518 .
1545 2462 1876 2526 scribendi
1934 2483 2139 2544 genus
2193 2470 2460 2529 secutus
2514 2466 2626 2540 sit,
2682 2481 2837 2546 quae

629 2555 872 2624 fuerint
895 2561 1170 2626 virtutes
1197 2562 1369 2646 ejus,
1402 2582 1552 2646 quae
1575 2565 1777 2645 vitia3
1824 2564 1907 2627 de
1951 2566 2056 2629 his
2096 2568 2273 2630 enim
2320 2566 2628 2631 omnibus
2678 2581 2838 2628 nus-

631 2679 858 2745 quam,
914 2663 1098 2744 quod
1155 2663 1385 2742 sciam,
1445 2670 1751 2728 accurate
1806 2665 2213 2748 disputatum
2270 2673 2394 2732 est.
2509 2663 2606 2728 Ut
2659 2669 2839 2729 recte

632 2769 853 2826 autem
896 2762 980 2826 de
1022 2762 1224 2846 poeta
1259 2770 1485 2830 nostro
1530 2772 1601 2830 et
1640 2767 1723 2830 de
1753 2768 1897 2850 ejus
1926 2767 2241 2832 facultate
2267 2768 2539 2850 po'etica
2566 2765 2841 2846 ›judice-

629 2881 800 2942 muS,
827 2882 1101 2928 necesse
1131 2870 1256 2943 est,
1302 2870 1377 2930 ut
1420 2868 1850 2944 carminibuS‚
1881 2887 2037 2953 quae
2080 2868 2167 2933 ad
2209 2886 2327 2930 nos
2370 2871 2837 2948 pervenerunt,

623 2963 702 3030 in
757 2984 882 3033 sua
944 2985 1204 3057 genera·
1253 2965 1633 3050 descriptiS‚
1702 2968 2252 3050 quemadmodum
2318 2967 2837 3050 unumquodque

629 3071 988 3131 tractatum
1017 3069 1127 3144 sit,
1157 3069 1450 3153 quidque
1501 3070 1570 3132 in
1620 3070 1899 3152 singulis
1938 3069 2335 3152 praestitum,
2366 3068 2835 3150 dispiciamus·

629 3167 917 3252 Scripsit
944 3176 1166 3232 autem
1195 3175 1262 3234 et
1305 3169 1614 3234 recitavit
1638 3171 1921 3254 primum
1970 3174 2265 3234 carmina
2314 3170 2723 3254 panegyrica
2762 3167 2837 3232 in

623 3266 1010 3338 ,consulatum
1043 3269 1314 3334 Probini
1343 3281 1531 3355 atque
1563 3267 1839 3356 Olybrii,
1871 3272 1939 3334 in
1982 3269 2363 3334 consulatum
2414 3268 2689 3332 Honorii
2714 3278 2837 3332 ter-

631 3367 809 3447 tium,
832 3380 1146 3453 quartum,
1177 3381 1236 3433 et
1266 3381 1521 3448 sextum,
1541 3373 1608 3434 in
1636 3370 2017 3435 consulatum
2050 3368 2147 3432 Η.
2170 3369 2393 3436 Mallia·
2416 3369 2737 3448 Theodori,
2762 3371 2834 3436 in
2922 3426 2927 3430 .

627 3467 1008 3531 consulatum
1041 3467 1414 3548 Stilichonis,
1453 3472 1565 3558 cui
1596 3473 1727 3535 tria
1752 3473 2045 3536 carmina
2070 3473 2415 3556 impendit,
2457 3493 2609 3556 quae
2640 3471 2837 3556 quasi

630 3589 837 3634 unum
863 3573 1286 3652 constituunt.
1376 3571 1512 3636 His
1563 3575 1980 3636 annumerari
2025 3580 2244 3656 potest
2290 3594 2554 3638 carmen
2586 3571 2837 3637 Laudes

637 3666 877 3734 serem
917 3672 1286 3744 continens·
1377 3673 1688 3756 Sequitur
1731 3675 2002 3735 alterum
2037 3693 2249 3754 genus
2296 3677 2679 3751 carminum,
2704 3693 2833 3738 non

629 3777 771 3837 tam
799 3771 1012 3846 forma
1038 3793 1238 3856 quam
1273 3776 1551 3836 materia
1596 3793 1641 3835 a
1684 3773 1885 3855 priori
1930 3771 2287 3853 diversum,
2339 3777 2406 3838 in
2450 3794 2589 3856 quo
2634 3777 2835 3858 poeta

632 3873 942 3950 ostendit,
973 3881 1265 3957 quantus
1309 3875 1380 3934 in
1437 3873 1873 3955 vituperando
1915 3880 2114 3940 esset.
2200 3877 2371 3941 Sunt
2416 3883 2639 3942 autem
2690 3897 2835 3943 car·

631 3971 812 4036 mina
841 3993 1028 4034 urium
1060 3983 1118 4034 et
1139 3971 1415 4034 alterum
1447 3973 1510 4034 ιἰι
1547 3971 1873 4058 Rufinum,
1902 3997 2090 4039 unum
2119 3987 2179 4040 et
2208 3975 2472 4039 alterum
2505 3967 2570 4040 ἔτι
2597 3976 2835 4043 Eutro-

619 4069 830 4158 pium.
887 4072 1085 4151 Illud,
1115 4074 1291 4156 quod
1319 4076 1511 4139 tertio
1539 4077 1687 4140 loco
1711 4079 2041 4160 ponimus,
2084 4081 2173 4143 ab
2214 4079 2325 4156 iis,
2370 4100 2543 4163 qum,
2574 4099 2830 4164 praece-

630 4171 824 4251 dunt,
881 4171 1010 4257 disj
1018 4179 1309 4253 unctum,
1369 4177 1833 4259 complectitur
1882 4178 2015 4245 duo
2070 4180 2385 4260 carmina,
2436 4181 2713 4248 alterum
2749 4181 2829 4246 de
